1847 3313
431 303 549 361 AD
606 304 980 362 LIBRUM
1028 312 1140 362 vn.
1354 316 1440 378 163

139 440 263 493 &ptum
280 443 342 489 est,
359 452 395 482 et
411 443 543 482 idoneo
556 444 670 482 fundo
686 453 797 483 caret.
849 444 1052 496 Virgilium
1070 459 1152 483 curn
1170 445 1273 496 Julio
1287 444 1446 496 Hygino

143 501 325 540 Hernicos
342 503 387 540 ab
412 503 590 553 Hernico,
618 505 712 541 duce
739 503 902 555 Pelasgo,
921 505 1065 549 ducere,
1094 505 1265 555 nusquam
1287 514 1447 556 apparet.

142 558 180 600 Si
197 572 313 599 tamen
331 563 499 608 duxisset,
523 563 632 600 nimis
650 564 758 614 longe
775 564 887 614 petita
908 576 960 602 res
977 576 1068 609 erat,
1082 574 1269 615 propterea
1283 565 1380 614 quod
1400 565 1447 601 ab

144 620 302 671 Pelasgis
315 622 431 659 AEtoli
448 635 590 673 quoque
607 621 755 660 oriundi
767 632 882 666 erant,
901 623 1090 661 transferre
1104 624 1149 660 ad
1170 623 1365 665 Hernicos,
1383 621 1449 673 qui

142 681 235 719 nihil
252 695 335 719 cum
352 683 484 721 AEtolis
509 696 699 721 commune
734 683 882 728 habent,
912 697 967 728 ea,
999 698 1079 735 quae
1095 685 1140 722 de
1156 685 1290 724 AEtolis
1307 695 1449 721 narrata

141 740 233 778 sunt.
287 742 357 779 Sed
381 756 445 781 nec
464 742 647 794 Virgilius
672 742 845 780 Hernicis
872 742 911 780 id
939 744 1118 794 praecipue
1135 742 1282 787 tribuit,
1310 753 1350 780 ut
1374 755 1448 780 uno

141 801 231 850 pede
256 803 429 846 calceato,
459 805 571 841 altero
602 804 716 845 nudo,
745 803 929 848 incedant,
957 817 1080 841 verum
1099 803 1249 841 omnino
1269 802 1450 841 Praenesti-

141 868 268 897 norum
298 870 334 898 et
359 861 539 899 sociorum
567 861 732 913 agmini:
762 874 877 912 neque
895 862 957 899 ille
974 863 1118 899 habitus
1132 863 1221 899 adeo
1246 862 1397 899 insolens
1412 873 1448 900 et

141 918 187 955 ad
207 920 492 971 excogitandum
518 921 679 959 difficilis
692 930 782 963 erat,
815 931 854 958 ut
872 923 987 971 poetae
1003 921 1042 958 in
1059 921 1220 958 animum
1237 921 1359 958 venire
1375 934 1447 958 non

140 978 276 1027 poffet3
304 979 448 1017 tandem
463 989 499 1017 et
516 979 555 1016 in
569 991 613 1015 eo
631 979 769 1016 fallitur
788 979 1016 1025 Macrobius,
1043 982 1143 1032 quod
1170 981 1255 1018 hunc
1277 995 1394 1018 morem
1412 986 1447 1017 in

139 1036 249 1074 Italia
250 1041 370 1088 fiqffi’,
397 1049 434 1075 ut
450 1054 512 1076 uno
524 1039 607 1088 pede
623 1037 780 1081 calceato,
800 1038 904 1075 altero
918 1042 1016 1083 nudo,
1034 1046 1139 1078 iretur
1150 1042 1201 1077 ad
1214 1040 1348 1083 bellum,
1372 1056 1417 1077 mc
1433 1061 1448 1070 -

139 1111 238 1149 quam
269 1108 448 1147 repererat.
502 1094 603 1134 Nam
639 1097 800 1134 occurrit
826 1097 888 1133 ille
905 1098 1040 1147 pasiim,
1073 1110 1111 1135 ut
1130 1099 1168 1135 in
1187 1099 1327 1136 Graecis
1343 1100 1388 1137 fic
1407 1098 1448 1136 in

140 1152 300 1192 Etruscis
319 1155 575 1200 monumentis,
594 1155 759 1206 inprimis
777 1157 815 1193 in
839 1156 943 1210 vasis,
970 1167 1010 1194 ut
1027 1158 1122 1208 apud
1143 1157 1391 1208 Dempsterum
1407 1159 1447 1197 in

140 1213 286 1251 Etruria
305 1214 416 1264 regali
434 1225 461 1252 t.
490 1228 540 1265 90
558 1215 597 1252 in
613 1214 642 1252 f.
696 1215 877 1252 Guattani
895 1215 1065 1253 Monum.
1092 1215 1191 1253 ined.
1211 1217 1302 1254 Ant.
1335 1222 1448 1270 1787.

136 1286 173 1324 p.
201 1287 249 1322 43
279 1274 332 1324 sq.
387 1274 514 1320 Porro,
541 1285 581 1313 ut
607 1275 692 1313 Silii
719 1275 959 1312 imitationem
987 1276 1168 1319 omittam,
1202 1277 1265 1327 qui
1290 1277 1351 1315 dat
1375 1277 1445 1316 lib.

137 1332 173 1368 V
176 1333 247 1377 ΙΙΙ,
265 1347 334 1384 421
369 1335 513 1372 Sabinis
537 1335 629 1373 laevo
646 1341 791 1386 tegmina
808 1350 918 1379 crure,
944 1335 1040 1385 apud
1056 1335 1200 1372 Livium
1216 1349 1359 1386 quoque
1369 1338 1446 1383 IX,

138 1405 188 1441 -40
215 1393 432 1433 Samnitium
447 1404 627 1432 armatura
641 1394 820 1444 ejusmodi
832 1403 1009 1440 narratur,
1028 1406 1068 1432 ut
1081 1397 1251 1446 finfiram
1265 1411 1339 1434 crus
1355 1412 1448 1435 ocrea

137 1458 252 1490 tellum
283 1453 455 1492 haberent.
508 1453 586 1505 Qi
620 1454 721 1490 locus
757 1454 961 1491 Aristotelis
990 1455 1146 1491 censurae
1175 1454 1286 1492 robur
1314 1456 1448 1494 addere

138 1509 294 1558 videtur,
326 1514 391 1564 qui
419 1513 632 1565 Euripidem
652 1513 942 1563 reprehenderat,
962 1513 1061 1563 quod
1088 1515 1215 1551 laevum
1233 1515 1359 1565 pedem
1378 1529 1446 1553 nu-

140 1571 244 1619 dum,
280 1574 448 1612 dextrum
478 1584 678 1618 ocreatum,
709 1574 883 1612 tribuerat
911 1575 1054 1612 Thestii
1083 1575 1208 1612 liberis
1237 1576 1446 1616 AEtolorum

139 1641 268 1678 more;
310 1647 391 1670 nam
423 1634 518 1684 apud
550 1633 617 1671 hos
638 1632 858 1670 contrarium
879 1647 1015 1671 morem
1034 1634 1224 1671 obtinuisse
1253 1636 1318 1683 (ita
1347 1637 1446 1675 enim

139 1691 342 1729 Aristotelis
360 1693 468 1730 verba
485 1693 530 1729 ab
550 1692 758 1743 Euripideis
777 1693 960 1744 sejungo),
990 1703 1025 1731 et
1051 1693 1090 1730 id
1117 1694 1265 1744 quidem
1288 1696 1445 1741 merit03

135 1763 208 1789 non
225 1751 322 1789 enim
341 1753 486 1797 laevum,
518 1753 579 1789 sed
604 1752 773 1789 dextrum
803 1753 946 1803 pedem,
979 1762 1161 1803 tamquam
1178 1753 1394 1792 anteriorem
1409 1767 1446 1794 et

135 1811 443 1862 praegredientem,
467 1813 605 1849 nudum
631 1821 667 1848 et
694 1812 906 1862 expeditum
922 1813 989 1849 effe
1012 1811 1153 1849 debere.
1207 1812 1467 1852 Contrarium*

135 1877 254 1907 tamen
272 1870 439 1921 sequutus
465 1871 512 1908 est
530 1870 727 1922 Virgilius,
757 1884 823 1908 nec
848 1871 965 1907 minus
980 1872 1084 1909 refie.
1141 1871 1240 1908 Nam
1260 1871 1447 1923 Euripidis

134 1931 356 1981 reprehensio
373 1932 517 1983 proprie
535 1932 581 1968 ad
601 1931 777 1969 rationem
800 1931 976 1980 adjectam
1004 1932 1041 1969 ὡς
1059 1932 1228 1982 ἐλαφςίζον
1245 1935 1318 1979 γόνυ
1339 1936 1446 1983 ἔχοιεν

132 1990 313 2040 speciant:
356 1999 391 2028 et
410 1990 585 2028 sinistrum
612 2003 692 2028 crus
710 1992 804 2028 reste
822 1990 951 2027 nudari
977 1991 1112 2041 potuit,
1147 1992 1445 2042 quandoquidem

134 2049 235 2088 scuto
249 2049 450 2101 tegebatur.
496 2051 555 2088 Ita
572 2050 618 2086 de
636 2050 754 2101 prisca
773 2050 1023 2087 Romanorum
1043 2050 1179 2087 militia
1190 2051 1366 2102 Vegetius
1378 2052 1444 2091 lib.

134 2111 154 2148 I
162 2139 172 2154 ,
190 2124 223 2148 c.
243 2121 293 2148 20
319 2111 449 2147 Pedites
453 2113 589 2159 scutati
594 2120 726 2159 praeter
741 2109 979 2159 cataphralras
995 2120 1027 2146 et
1035 2110 1171 2162 galeas,
1188 2118 1289 2149 etiam
1305 2117 1445 2162 firreas

132 2180 238 2208 'ocreas
255 2169 293 2206 in
312 2168 449 2206 dextris
462 2168 629 2206 cruribus
653 2180 839 2221 cogerenter
855 2175 1014 2219 accipere.
1043 2169 1144 2206 conf.
1163 2170 1264 2221 Lips.
1280 2172 1326 2209 de
1339 2172 1445 2209 Mili-

132 2229 182 2266 tia
198 2228 399 2266 Romanor.
414 2227 487 2271 III,
507 2241 546 2279 7.
598 2227 767 2279 Utraque
790 2227 881 2265 adeo
897 2228 990 2264 ratio
1008 2228 1072 2265 usu
1095 2238 1131 2266 et
1145 2230 1296 2267 consilio
1314 2229 1444 2270 defen-

131 2287 246 2326 ditur.
299 2286 400 2323 Nam
424 2300 491 2324 nec
508 2287 628 2324 minus
654 2287 768 2324 laevus
792 2297 865 2337 pes,
893 2286 1014 2338 quiin
1037 2289 1152 2338 gradu
1179 2287 1323 2327 militari
1338 2294 1446 2342 jacu-

132 2348 236 2387 lantis
261 2347 325 2385 vel
342 2350 512 2399 sagittam
541 2353 718 2385 emittentis
748 2354 894 2385 anterior
922 2348 984 2393 est,
1011 2361 1095 2384 cum
1127 2347 1228 2386 scuto
1259 2347 1335 2400 tegi
1366 2365 1440 2389 non

131 2408 254 2458 posset,
288 2419 393 2445 ocrea
426 2406 560 2444 muniri
579 2408 697 2457 potuit
724 2420 765 2444 ac
791 2406 929 2445 debuit.
985 2407 1074 2444 Alio
1094 2407 1195 2445 sensu
1232 2413 1279 2459 τῷ
1304 2412 1442 2462 ἀςιςεξᾷ

133 2467 209 2506 ποδῖ
249 2468 430 2516 πςῡβαίνειν
467 2465 720 2517 accipiendum
752 2477 827 2503 erat
862 2466 954 2517 apud
975 2464 1146 2516 Xenoph.
1182 2467 1221 2504 in
1255 2468 1346 2518 Cyri
1382 2484 1443 2507 ex-

132 2529 214 2578 ped.
241 2527 316 2571 IV,
364 2541 384 2565 z
422 2537 530 2572 extr„
575 2526 638 2563 ubi
674 2527 721 2564 de
753 2525 914 2563 barbaris
945 2525 1142 2577 grandiore
1175 2540 1278 2564 arcus
1311 2542 1442 2579 genere

131 2585 341 2624 utentibus:
383 2584 485 2625 εἷλκον
515 2587 546 2624 δὲ
578 2587 642 2624 τοὶς
673 2586 794 2636 nugis,
822 2586 921 2623 ὁπότε
953 2587 1104 2633 τοξεύοιεν
1144 2587 1323 2637 (adeoque
1353 2589 1442 2627 dum

133 2658 254 2683 arcum
287 2646 470 2685 intendere
499 2647 704 2695 volebant),
747 2648 826 2696 πρὸς
851 2647 890 2684 τὸ
917 2647 1012 2685 κάτω
1040 2651 1085 2684 τέ
1115 2647 1199 2692 τόξε
1226 2650 1275 2696 τῷ
1305 2650 1444 2699 ἆςιςεςῷ

131 2705 207 2742 ’ποδὶ
239 2709 474 2757 προβαίνοντες,
506 2708 640 2758 finssro
669 2709 750 2758 pede
777 2714 812 2744 in
838 2712 935 2744 imum
963 2721 1075 2743 arcum
1104 2704 1168 2751 (sc.
1196 2704 1296 2742 humi
1321 2707 1442 2758 impo-

131 2763 259 2814 situm)
291 2770 436 2819 immffl,
461 2766 595 2804 virium
616 2767 904 2817 colligendarum
923 2765 1050 2802 caussa.
1104 2763 1259 2801 Illustrat
1277 2776 1351 2802 rem
1368 2766 1442 2803 Ar-

128 2824 224 2865 ἤδη.
256 2825 376 2867 Indic.
406 2827 450 2865 16
478 2829 559 2866 ἀλλ’
585 2825 613 2864 οἷ
640 2830 697 2875 μὲν
726 2826 817 2879 vrgo?
837 2830 968 2864 αὐτοῖσι
997 2826 1088 2872 τόξον
1117 2841 1154 2862 τε
1177 2826 1296 2875 ἔχεων
1324 2827 1441 2873 ἰσόμη-

845 2886 881 2924 L
908 2897 929 2925 2
1388 2904 1440 2924 κες
