1847 3313
624 300 676 346 P.
727 296 1106 345 VIRGILII
1176 296 1569 344 MARONIS

449 317 535 350 202

437 438 493 484 ln
519 435 729 482 mensam
754 434 850 480 laeti
876 434 1043 490 libant,
1077 433 1306 496 divosque
1329 442 1597 494 precantur.

500 526 696 572 Devexo
719 524 840 569 inter
858 521 1108 584 capropior
1123 521 1178 567 fit
1196 520 1372 583 Vesper
1388 520 1625 583 Olympo:
1654 523 1748 567 2280

436 617 639 679 Jamque
663 613 923 660 sacerdotes
946 610 1222 674 primusque
1248 609 1450 656 Potitius
1477 610 1627 664 ibant,

434 706 644 754 Pellibus
668 705 717 751 in
741 719 925 750 morem
947 701 1107 757 cincti,
1132 700 1438 762 flammasque
1459 698 1689 746 ferebant⁰

439 793 728 840 *Instaurant
751 792 931 853 epulas,
958 800 1003 834 et
1027 786 1203 834 mensae
1226 799 1359 849 grata
1384 786 1601 834 secundae

438 885 606 931 *Dona
628 881 797 936 ferunt,
814 877 1153 940 cumulantque
1171 875 1373 921 oneratis
1398 875 1611 923 lancibus
1627 893 1744 924 aras.

482 1019 559 1052 279.
575 1012 611 1042 In
627 1010 717 1050 mensa
740 1008 862 1050 aliquot
882 1017 932 1049 ap.
960 1008 1068 1038 Burni.
1104 1016 1177 1036 cum
1204 1004 1307 1036 Goth*
1336 1005 1396 1037 sec,
1491 1004 1562 1036 281.
1587 1005 1643 1035 ibat
1671 1010 1745 1035 tert·

437 1063 595 1094 Rottend.
688 1060 761 1093 282.
775 1061 923 1102 flammam
940 1058 1061 1100 aliquot
1073 1057 1265 1094 Pier.‚inter
1277 1067 1355 1097 quos
1367 1058 1465 1086 Rom.
1495 1057 1625 1097 gerebant
1640 1056 1741 1087 Goth.

439 1122 489 1156 pr⁴
536 1115 615 1144 Sane
628 1122 740 1155 parum
758 1111 859 1153 placet
875 1110 1020 1152 ferebant,
1041 1112 1147 1151 ferunt
1164 1108 1256 1139 trinis
1274 1107 1330 1139 vss'.
1349 1120 1357 1146 ;
1380 1114 1411 1138 et
1426 1118 1522 1148 quam
1540 1107 1693 1149 impedita
1711 1107 1748 1139 fic

439 1163 665 1206 interpretatio
681 1162 830 1194 versuum
846 1162 1006 1205 Itfiaurant
1022 1161 1115 1202 epulas
1126 1166 1150 1189 et
1167 1160 1250 1189 Dona
1257 1160 1359 1199 ferunt
1371 1170 1382 1190 .-
1406 1157 1438 1188 in
1458 1158 1553 1188 Notis
1568 1158 1744 1192 declaravi;

439 1215 565 1246 Scilicet
583 1215 605 1246 si
621 1214 724 1245 dicere
736 1213 810 1244 licet
827 1212 914 1254 quod
927 1210 1027 1242 sentio
1043 1223 1051 1242 :
1077 1209 1110 1240 hi
1127 1210 1190 1240 duo
1207 1210 1313 1239 versus
1329 1219 1346 1239 a
1359 1212 1459 1250 poeta
1479 1209 1511 1238 in
1525 1208 1670 1250 margine
1694 1220 1748 1250 ap-

439 1265 535 1308 poslti
546 1265 635 1297 fuisse
646 1264 799 1295 videntur
815 1262 856 1294 ad
871 1261 1033 1303 supetiora
1046 1270 1055 1291 ἓ
1084 1260 1166 1290 Ocius
1181 1272 1267 1289 omncs
1290 1260 1327 1288 In
1342 1260 1458 1300 mersam
1474 1260 1535 1289 laeti
1549 1259 1647 1296 libant,
1660 1260 1750 1299 a'ivqs'-

440 1331 492 1361 que
505 1324 678 1360 precantur:
701 1316 862 1358 Irfiaurant
887 1315 981 1356 epulas
1004 1313 1051 1353 sq.
1098 1312 1231 1343 Duobus
1250 1310 1389 1342 Versibus
1414 1310 1449 1341 h.
1476 1309 1496 1341 lt
1532 1309 1642 1350 ejcc‘lis
1667 1309 1747 1340 bene

438 1367 585 1411 procedit
608 1365 771 1397 narratio:
798 1365 923 1406 Jamque
935 1363 1303 1405 fizcerdotes--flammqsque
1324 1361 1467 1401 ftrcbant.
1517 1361 1590 1391 ‘Tum
1615 1361 1686 1391 Salii
1712 1363 1752 1391 ad

439 1427 549 1457 cantus,
570 1418 674 1461 incelffiz
698 1417 806 1447 altaria
831 1418 944 1452 circum,
966 1415 1097 1455 Populcis
1110 1415 1208 1454 classant
1227 1415 1330 1444 εὐίηὲῖἱ
1349 1419 1469 1454 tempora
1486 1413 1583 1441 ramis.
1674 1410 1749 1450 283¹.

442 1470 655 1513 Irgstaurantque
680 1466 765 1498 Gud.
792 1477 810 1497 a
826 1475 870 1495 m.
888 1475 937 1506 pr.
984 1465 1020 1494 ln
1038 1467 1169 1505 Menag.
1189 1474 1237 1505 pr.
1260 1463 1313 1494 hic
1329 1462 1408 1494 ordo
1424 1469 1492 1493 erat
1508 1461 1657 1493 versuum
1675 1461 1747 1501 285.

441 1520 517 1555 286.
543 1519 616 1558 283.
641 1517 718 1555 284.
764 1518 812 1547 At
827 1526 858 1546 v.
877 1515 952 1554 283.
974 1514 1037 1552 284
1062 1513 1239 1556 importuni
1256 1523 1445 1555 quocunque
1461 1519 1493 1543 te
1510 1521 1615 1543 vertas
1643 1520 1674 1546 et
1691 1513 1749 1555 eji-

441 1569 557 1604 ciendi.
582 1580 612 1600 v.
631 1569 767 1599 Notam.
787 1566 906 1599 Statuit
920 1577 1047 1609 quoque
1069 1565 1129 1597 hoc
1145 1565 1232 1597 idem
1248 1566 1396 1608 Bottger,
1421 1564 1472 1595 vir
1488 1563 1600 1596 doetus
1616 1553 1659 1597 in.
1671 1566 1751 1596 Pro-

442 1633 547 1669 gram.
566 1621 605 1653 ad
621 1621 653 1652 h.
670 1620 692 1652 l.

441 1734 577 1771 liorum
591 1732 766 1772 frontibus
784 1738 818 1767 et
835 1731 957 1781 tergis.
999 1730 1068 1767 Po-

445 1786 533 1835 pulo
551 1785 706 1822 succeffit
718 1783 798 1820 usus
809 1783 901 1820 lauri
914 1783 951 1819 in
967 1781 1066 1819 sacro

444 1837 629 1875 Herculis.
672 1850 707 1872 v.
743 1835 861 1878 Serv„
896 1833 1067 1871 Macrob.

444 1889 521 1926 Sat.
547 1887 619 1931 III,
652 1899 695 1923 12
725 1895 762 1923 et
788 1886 923 1923 Cerda.
977 1889 1066 1933 278.

445 1940 592 1997 quphqs
607 1937 753 1996 proprie
774 1937 889 1980 diem·
914 1946 949 1973 et
960 1936 1068 1973 adhi-

444 1991 543 2029 bitus
568 2004 608 2027 m
631 1989 738 2027 sacr-is
758 1987 953 2026 Herculis:
982 1988 1067 2025 Ma-

445 2042 547 2081 crob.
577 2041 629 2086 V,
648 2054 710 2079 21.

500 2096 588 2131 280.
615 2095 742 2130 devexo
770 2090 933 2142 Ogymp03
963 2089 1068 2134 caelo,

446 2145 666 2184 circumaeio
685 2152 787 2181 motu
798 2142 946 2186 diurno,
961 2141 1066 2178 incli-

446 2206 556 2237 nante
584 2195 634 2240 se,
662 2205 702 2232 ut
731 2193 785 2238 II,
817 2207 891 2244 250
921 2194 1070 2230 Vertitur

444 2255 573 2287 interea
600 2246 742 2285 caelum:
781 2245 845 2283 ubi
871 2244 948 2282 vid.
975 2244 1067 2282 Exc-

445 2300 487 2338 ΙΙ
517 2300 561 2337 ad
582 2298 647 2336 lib.
676 2297 728 2335 II.
786 2300 872 2344 283.
913 2296 1003 2332 Haec
1032 2304 1069 2332 et

445 2352 525 2402 sqq.
552 2351 598 2387 ad
616 2349 750 2386 mensas
762 2348 946 2389 secundas.
963 2357 1068 2396 atque

445 2404 538 2441 adeo
553 2402 599 2439 ad
616 2400 779 2445 bellaria,
796 2397 1067 2437 convivantium

446 2454 600 2493 referant
618 2451 845 2502 interpretes:
875 2451 973 2500 quod
1002 2462 1067 2500 pro

447 2516 650 2556 temporum
677 2503 902 2540 heroicorum
929 2500 1068 2538 ratione

448 2557 547 2595 nullo
567 2556 676 2593 modo
692 2554 768 2591 fieri
784 2553 879 2604 posse
896 2553 1067 2597 arbitror,

446 2607 614 2658 inprimis
637 2605 813 2643 libatione
830 2605 940 2641 modo
958 2603 1066 2642 faeta.

446 2658 677 2710 Religiosum
706 2656 816 2695 ritum
844 2654 1000 2693 describi
1027 2654 1066 2692 in

447 2721 572 2762 aperto
590 2710 653 2754 est,
671 2722 744 2759 quo
761 2707 858 2759 ignis
876 2707 915 2744 in
933 2719 993 2743 ara
1011 2705 1066 2743 in-

447 2765 634 2804 stauratur,
650 2769 687 2799 et
702 2759 841 2797 circum
855 2771 953 2796 aram
964 2757 1068 2794 salta-

446 2814 502 2851 tio
545 2826 629 2850 cum
672 2812 809 2860 hymno
857 2808 1066 2847 instituitur.

447 2865 557 2902 Certe
574 2863 772 2901 sacerdotes
783 2864 947 2910 flammas
967 2865 1067 2911 sbre-

447 2915 671 2958 bant—Tum
698 2914 788 2957 Salii
809 2914 860 2954 acl
882 2923 997 2952 cantus
1014 2916 1066 2950 in-

1131 1734 1226 1781 censa
1267 1730 1399 1767 altaria
1441 1735 1559 1767 circum
1610 1726 1753 1764 saltant.

1132 1783 1232 1833 Ergo
1246 1791 1279 1819 et
1296 1780 1432 1830 reliqua
1448 1781 1575 1817 eodem
1601 1778 1753 1816 referen-

1132 1833 1194 1877 da,
1222 1844 1257 1870 et
1282 1832 1375 1869 inter
1390 1832 1618 1869 instauratum
1631 1830 1753 1866 saltem

1133 1885 1269 1922 sacrum
1288 1885 1409 1934 epulas
1423 1895 1566 1935 quoque
1581 1882 1753 1918 instaura--

1134 1946 1187 1974 tas
1213 1935 1316 1973 fuisse
1338 1934 1551 1976 dicendum,
1582 1945 1666 1983 quas
1680 1931 1753 1968 eas-

1133 1988 1216 2025 dem
1235 2001 1301 2038 per
1325 1989 1466 2037 mensam
1471 1986 1667 2034 secundam,
1695 1983 1755 2020 seu

1134 2042 1252 2089 mensae
1274 2040 1432 2088 secunda?
1464 2039 1551 2074 dona
1582 2035 1754 2072 declarat.

1134 2090 1191 2127 Ita
1205 2091 1313 2140 potest
1331 2092 1437 2139 poeta
1451 2098 1532 2125 ante
1548 2087 1673 2123 oculos
1691 2087 1753 2123 ha·

1133 2140 1242 2178 buiffe
1262 2141 1388 2190 Odyff.
1408 2158 1447 2187 ey,
1469 2141 1539 2188 388
1560 2138 1653 2188 sqq„
1689 2137 1754 2174 ubi

1130 2193 1279 2230 domum
1294 2193 1339 2229 de
1351 2192 1451 2229 sacro
1463 2191 1607 2227 reduces
1621 2189 1754 2226 instau-

1131 2255 1211 2282 rant
1231 2245 1364 2295 epulas.
1408 2242 1607 2280 Fatendum
1624 2250 1659 2277 et
1687 2240 1752 2278 hac

1130 2306 1166 2334 et
1193 2296 1320 2345 quavis
1349 2295 1421 2331 alia
1451 2302 1584 2330 tentata
1614 2291 1753 2328 ratione

1133 2347 1248 2384 versus
1279 2349 1365 2394 283.
1387 2348 1462 2394 284
1490 2357 1554 2381 nec
1572 2342 1669 2380 sensu
1687 2355 1753 2379 nec

1131 2399 1301 2436 structura
1319 2397 1400 2435 satis
1417 2408 1625 2446 congruere.
1675 2394 1752 2444 pel-

1131 2450 1218 2488 libus
1261 2456 1297 2487 in
1327 2464 1444 2487 morem
1478 2453 1577 2485 cinHi
1593 2461 1608 2485 .·
1653 2445 1755 2495 Ergo

1133 2501 1260 2539 manfit
1274 2514 1351 2539 mos
1367 2498 1458 2537 sacri
1477 2498 1516 2535 in
1535 2497 1708 2549 Lupercis
1733 2509 1754 2534 e

1131 2553 1247 2603 prima
1265 2552 1352 2594 vita,
1371 2564 1454 2588 cum
1470 2549 1624 2600 pellibus
1640 2558 1675 2585 et
1692 2560 1754 2585 ne-

1131 2603 1297 2641 bridibus
1313 2602 1424 2640 cincii
1441 2601 1546 2639 effent
1573 2598 1752 2638 homines.

1130 2662 1272 2702 oneratis
1285 2653 1430 2692 lancibus
1447 2652 1492 2689 ad
1504 2652 1593 2698 turis
1609 2650 1753 2701 copiam

1133 2706 1241 2745 refert
1271 2706 1414 2750 Cerda3
1440 2704 1522 2741 sane
1556 2712 1611 2740 tus
1641 2701 1753 2739 etiam

1132 2759 1235 2796 lance
1251 2756 1520 2809 apportabatur‚
1549 2756 1632 2791 non*
1642 2753 1755 2790 modo

1132 2822 1266 2847 acerra.
1295 2808 1344 2848 cf.
1367 2806 1487 2844 Ovid.
1508 2805 1566 2842 IV
1585 2807 1694 2844 Pom.
1713 2817 1754 2854 9,

1135 2874 1194 2910 33.
1225 2859 1369 2898 Servius
1384 2868 1468 2896 exta
1490 2858 1530 2895 h.
1548 2857 1574 2895 1.
1592 2855 1757 2894 lancibus

1131 2911 1265 2963 apponi
1295 2911 1376 3000 εἰκός
1407 2909 1517 2962 idque
1542 2907 1643 2960 sequi
1668 2919 1757 2997 13·ae-

1706 2966 1757 2999 ata
