1847 3313
416 290 510 354 308
610 284 665 333 P.
713 275 1091 331 VlRoiLu
1134 274 1528 329 MARoNiS

419 425 611 472 Cratera
632 418 900 480 antiquum,
924 432 1067 478 quem
1091 415 1173 462 dat
1195 414 1387 461 Sidonia
1408 413 1559 463 Dido.

417 514 467 560 Si
492 527 601 559 vero
624 524 792 572 capere
817 507 1021 563 Italiam,
1048 503 1331 568 sceptrisque
1353 503 1501 566 potiri

421 599 690 664 Contigerit
714 596 898 654 νὶᾶοῑί,
922 608 967 642 et
987 594 1165 658 przedae
1185 593 1356 640 ducere
1382 591 1584 639 sortem:

420 691 609 748 Vidisti,
632 705 728 752 quo
752 687 944 734 Turnus
965 701 1100 747 eque,
1133 683 1304 747 quibus
1330 683 1428 729 ibat
1450 683 1496 729 in
1520 682 1665 730 armis

420 783 602 830 Aureus
620 799 630 827 z
668 777 823 841 ipsum
840 777 990 832 illum,
1008 775 1218 838 clipeum
1236 773 1486 836 cristasque
1504 773 1732 831 rubentis,

419 876 679 939 Excipiam
702 872 831 929 sorti,
856 870 962 935 jam
985 885 1110 916 nunc
1134 881 1214 914 tua
1236 868 1452 930 praemia,
1475 867 1607 915 Nise.
1639 881 1725 930 271

422 967 655 1016 Praeterea
677 965 749 1011 bis
773 963 850 1011 sex
873 963 1061 1027 genitor
1085 961 1326 1008 leftisfima
1350 972 1559 1007 matrum

424 1059 652 1122 Corpora,
669 1052 974 1117 captivosque
990 1052 1139 1108 dabit,
1153 1050 1323 1114 suaque
1340 1049 1562 1098 omnibus
1575 1065 1731 1098 arma:

467 1188 543 1222 266.
565 1189 629 1226 dat,
649 1187 754 1225 ’ἐδωκες
775 1185 816 1217 fic
840 1184 898 1216 inf.
923 1185 1008 1215 mittit
1024 1194 1053 1215 ν.
1073 1182 1134 1221 361
1152 1183 1306 1224 promisit.
1352 1181 1413 1212 Sed
1429 1187 1531 1212 crater
1546 1190 1619 1211 cum
1642 1178 1735 1210 versu

423 1240 524 1272 abess‘e
538 1246 675 1282 poterat.
722 1237 841 1268 Deficit
857 1246 983 1278 quoquc
1001 1235 1132 1277 copula3
1156 1233 1289 1264 debebat
1312 1232 1423 1264 saltem
1435 1233 1554 1270 talenta,
1570 1240 1597 1262 ct
1612 1233 1734 1263 C.—-—-

424 1291 501 1330 267.
524 1292 592 1322 Cum
608 1301 678 1321 ez-cro
704 1299 752 1331 pr.
778 1287 897 1318 Hamb.
943 1287 1058 1318 Italiam
1077 1293 1174 1327 capere
1188 1285 1229 1328 sc.
1253 1283 1375 1325 aliquot
1391 1283 1474 1314 Pier.
1563 1282 1637 1314 268.
1663 1284 1736 1313 Ser-

425 1343 496 1373 vius
511 1341 588 1372 alios
603 1341 730 1382 dejiccrc,
754 1338 807 1369 seu
831 1338 938 1380 potius
960 1338 1010 1377 (ut
1034 1337 1080 1373 X,
1104 1336 1186 1376 554)
1210 1335 1316 1365 deicere
1334 1334 1378 1364 ait
1394 1334 1521 1375 legere:
1545 1332 1586 1364 fic
1600 1333 1737 1375 dejefflam

415 1393 518 1437 sortem
541 1392 619 1425 AEn.
650 1393 690 1427 V,
714 1397 790 1431 490.
833 1388 881 1418 Ac
903 1387 1021 1418 Medic.
1045 1385 1131 1416 Gud.
1157 1395 1174 1415 a
1199 1395 1244 1414 m.
1267 1394 1317 1426 pr.
1346 1390 1378 1414 et
1398 1394 1446 1425 pr.
1471 1383 1625 1415 Rottend.
1646 1385 1737 1416 dicere

414 1443 531 1484 sortem,
550 1440 637 1482 quod
658 1438 834 1470 admodum
849 1437 952 1479 piacet
969 1436 1116 1467 Heinsio:
1145 1434 1225 1466 mihi
1243 1443 1350 1466 tamen
1366 1434 1461 1465 nimis
1476 1442 1628 1477 argutum
1649 1433 1750 1468 videi

426 1501 493 1526 tur.
536 1493 637 1530 Dicit,
652 1491 776 1528 indicit,
786 1491 905 1521 sortem
917 1489 957 1527 is,
977 1488 1032 1530 qui
1047 1487 1199 1520 sortiendi
1216 1487 1291 1518 facit
1301 1487 1490 1529 potestatem
1506 1497 1513 1517 :
1539 1487 1605 1519 vid.
1620 1488 1735 1520 Heins.

426 1546 467 1577 ad
484 1546 529 1582 V,
556 1543 632 1580 486.
674 1544 790 1574 Ducere
816 1548 926 1572 autem
949 1539 1070 1570 sortem
1095 1541 1195 1580 poeta
1220 1537 1364 1568 ornatius
1385 1536 1466 1569 dixit
1490 1547 1550 1579 pro
1576 1537 1735 1580 fimplici:

419 1597 528 1640 serm-i,
553 1592 719 1626 sortitione
744 1590 905 1634 dispertiri
929 1590 1083 1632 praedam.
1178 1587 1251 1629 269.
1277 1588 1392 1630 Vidistis
1413 1587 1536 1629 aliquot
1562 1588 1675 1621 Heius.
1705 1596 1744 1621 et,

428 1649 541 1679 Burni.
571 1654 645 1676 cum
670 1641 817 1674 Macrob.
845 1642 905 1680 VI,
928 1641 958 1672 6.
1002 1643 1067 1684 quis
1093 1640 1153 1671 ibat
1172 1641 1281 1671 Franc.
1372 1647 1445 1677 270.
1466 1640 1553 1683 ipfiem
1580 1639 1670 1677 illum,
1693 1639 1739 1672 sc·

427 1708 569 1742 equum3
590 1694 753 1727 distinffio
780 1692 824 1725 est
847 1703 865 1724 a
894 1692 1015 1723 Servio.
1060 1692 1207 1736 cristasque
1228 1693 1358 1724 comantis
1382 1686 1477 1722 Rom.

413 1752 485 1795 ,jam
502 1747 805 1786 Dorvill.—--272..
830 1745 966 1789 laetg'ffima
982 1744 1104 1787 aliquot
1120 1745 1248 1782 Burm„
1263 1753 1302 1775 ex
1317 1753 1420 1774 more;

1569 1698 1647 1731 271.
1667 1703 1739 1724 nunc

1112 1868 1152 1898 ut
1169 1868 1285 1899 ornet.
1340 1859 1455 1904 Nam,
1488 1858 1586 1909 quod
1622 1867 1739 1908 partes

1112 1912 1151 1949 in
1181 1913 1215 1950 se
1242 1912 1419 1954 continet,
1449 1921 1566 1949 totum
1584 1917 1741 1962 magnulfi

1112 1964 1160 2001 est
1195 1963 1351 2014 respectu
1389 1962 1572 2014 partium:
1617 1975 1654 1998 v.
1692 1959 1739 1998 ad

1113 2014 1180 2052 lib.
1213 2015 1266 2059 V,
1301 2017 1388 2064 248.
1444 2015 1593 2052 Cratera
1620 2023 1740 2051 autem

1114 2073 1285 2118 antiquum
1325 2066 1392 2104 int.
1428 2066 1579 2115 antiquo
1617 2077 1738 2115 opere.

1120 2119 1206 2169 267.
1235 2118 1352 2155 Color
1382 2117 1554 2155 orationis
1581 2129 1626 2154 ex
1657 2116 1741 2153 Ho-

1119 2182 1217 2207 mero
1234 2169 1358 2207 eadem
1374 2170 1412 2206 in
1428 2181 1466 2205 re
1483 2167 1589 2206 Iliad.
1609 2185 1634 2212 ι,
1668 2178 1738 2219 135·

428 1862 528 1900 varia
563 1862 718 1900 Homeri
749 1862 832 1899 loca
863 1860 973 1899 Iliad.
1005 1863 1046 1904 β,

431 1917 503 1965 837
522 1924 557 1952 et
574 1915 621 1951 al.
653 1913 858 1951 Difficultas
869 1912 931 1950 hie
949 1913 987 1949 in
1005 1926 1048 1950 eo

429 1964 532 2011 inest,
571 1966 669 2016 quod
705 1965 851 2007 Arisba,
891 1963 1051 2001 Troadis

429 2017 529 2062 urbs,
555 2017 729 2067 Trojanis
745 2015 880 2053 auxilia
898 2015 944 2053 ab
962 2015 1050 2052 Afio

430 2069 587 2107 adduem
630 2067 738 2106 misit.
791 2068 955 2105 Eandem
1005 2066 1050 2103 ab

431 2119 580 2158 Achille
620 2119 776 2157 eversam
812 2120 878 2156 effe
913 2118 1054 2155 Servius

432 2173 560 2215 tradit,
578 2172 698 2208 neseio
717 2184 787 2221 qua
814 2170 1025 2208 auetoritate
1043 2182 1052 2207 :

432 2223 495 2261 sed
513 2223 539 2260 fi
562 2236 633 2273 qua
659 2222 744 2267 fuit,
761 2222 807 2259 ad
825 2221 991 2259 Arisbam
1018 2221 1056 2259 in

432 2274 548 2313 insula
564 2274 680 2312 Lesbo
704 2287 748 2312 ea
776 2274 938 2324 spefitafl'e
954 2272 1056 2310 vide-

433 2335 507 2364 tur.
533 2327 666 2364 Nostra
676 2338 760 2364 vero
777 2324 935 2362 Troadis
954 2323 1055 2361 Aris-

433 2377 482 2416 ba
499 2377 685 2428 quomodo
715 2390 736 2414 a
770 2376 943 2426 Trojanis
972 2377 1054 2426 capi

432 2429 609 2481 potuerit,
642 2427 842 2466 dubitatur.
884 2442 919 2465 v.
955 2427 1053 2466 Serv.

437 2481 508 2519 Sed
539 2479 685 2531 repetiit
711 2480 782 2517 hoc
812 2483 923 2530 poeta
939 2492 983 2515 ex
1003 2493 1056 2517 re-

435 2533 520 2578 bus,
563 2544 643 2582 quae
683 2533 886 2581 Trojanum
922 2530 1056 2567 bellum

437 2584 710 2622 antecesserant:
756 2584 802 2620 de
836 2582 967 2632 quibus
1007 2582 1057 2620 cf.

438 2634 592 2673 Excurs.
624 2634 666 2671 1*
697 2634 744 2672 ad
776 2634 816 2673 h.
852 2634 880 2671 l.
935 2632 1060 2670 Potuit

434 2687 553 2737 igitur
569 2685 729 2724 fabulam
748 2684 861 2736 sequi,
878 2698 957 2734 quae
974 2697 1059 2722 eum

436 2739 602 2789 pluribus
620 2736 700 2776 aliis
709 2737 755 2775 de
768 2736 870 2774 rebus
886 2735 1060 2786 Trojanis

433 2788 706 2827 ‘narrationibus
719 2787 922 2826 intercidit.
965 2803 1059 2837 mag-

433 2855 489 2879 ·na
519 2841 649 2882 tar-'enta
675 2851 703 2931 (ἐ
726 2839 873 2891 poetica
904 2838 1060 2884 ratione,

1119 2221 1199 2271 sqq.
1242 2231 1357 2271 capere
1376 2222 1398 2258 I
1398 2220 1516 2257 taliam
1533 2219 1741 2271 magnifice,

1121 2272 1147 2309 fi
1163 2272 1279 2310 sedem
1295 2272 1456 2310 obtineat
1483 2282 1520 2309 et
1538 2282 1665 2309 terram
1700 2271 1740 2310 in

1123 2323 1246 2368 Latio,
1276 2337 1383 2374 quam
1413 2321 1615 2361 inhabitent
1645 2322 1742 2360 Tro-

1114 2376 1208 2427 jani,
1225 2384 1261 2413 et
1277 2376 1433 2426 praedam
1451 2373 1588 2418 sortiri,
1606 2373 1742 2425 disper-

1119 2426 1198 2471 tiri,
1216 2426 1427 2477 contigerit.
1464 2439 1552 2476 270.
1575 2438 1662 2478 27¹·
1677 2426 1743 2462 ha-

1119 2478 1223 2516 bebis
1252 2492 1385 2529 equum
1418 2477 1611 2522 exsortem,
1643 2480 1745 2527 γέξας

1121 2531 1299 2581 &algam-ov,
1316 2539 1352 2567 et
1370 2527 1492 2566 Turni
1514 2528 1640 2579 spolia.
1694 2529 1745 2566 11-

1121 2582 1242 2619 lustret
1259 2594 1335 2619 rem
1353 2581 1490 2618 Cerda.
1507 2593 1543 2618 v.
1563 2581 1616 2624 V,
1681 2594 1749 2632 34.

1122 2633 1236 2677 VIII,
1266 2646 1352 2684 552-
1424 2646 1512 2679 272.
1543 2646 1629 2682 273·
1688 2645 1746 2670 ro-

1124 2684 1240 2722 mittit
1256 2682 1449 2721 duodecim
1469 2683 1667 2734 mancipia,
1683 2697 1745 2721 an-

1123 2736 1222 2774 eilias
1236 2745 1272 2773 et
1287 2734 1430 2786 pueros.
1481 2735 1616 2773 Matres
1625 2739 1744 2785 poetae

1124 2787 1333 2838 simpliciter
1364 2784 1446 2823 sunt
1476 2785 1642 2832 seminae3
1672 2799 1744 2822 non

1350 2838 1475 2891 ,Qod
1503 2850 1586 2876 vero
1610 2837 1746 2886 adjecit

1614 2891 1748 2940 filaque

1121 2839 1294 2892 gravida&-
