1847 3313
374 296 496 347 'AD
557 289 931 344 LIBRUM
986 288 1098 342 vn.
1312 304 1402 356 ως

100 430 162 468 vel
193 431 323 478 Λιγεὲς,
349 438 386 468 et
417 439 585 482 corrupte
618 429 775 477 Λιγγεῖτ,
811 439 851 466 ut
879 428 1016 466 ibidem
1049 428 1086 464 in
1115 424 1195 463 aliis
1220 423 1407 464 scribitur,

102 500 140 527 et
166 490 415 531 excudendum
442 499 532 527 erat.
586 489 698 539 Apud
724 488 876 525 eundem
910 487 955 524 ab
984 489 1108 526 AEneae
1137 484 1281 536 posteris
1309 481 1407 520 urbis

100 551 312 588 exstruenda
330 559 492 587 narratur
516 549 615 586 circa
633 549 840 586 Circaeum:
870 557 943 584 tam
967 548 1037 584 late
1066 546 1166 584 Latii
1192 547 1305 590 locus,
1333 555 1407 594 quo

104 609 225 648 Roma
237 609 401 652 condita,
418 608 646 659 designatur:
676 621 711 646 v.
735 619 802 657 1²7
824 609 874 644 'Er
889 608 1072 653 ὅψιτέκνοις
1085 608 1200 648 ὀλβίαν
1214 605 1405 651 δωμῆσεται

101 671 236 719 Τι”ξσ-ιν,
269 669 430 716 murdris
461 669 552 716 ἆμῼῖ
586 668 732 718 Κιξκκιέ
764 669 872 704 νάπας
905 676 975 704 ete.
1032 665 1165 703 Totius
1197 666 1301 715 hujus
1331 661 1406 700 loci

103 730 309 779 perdoeiam
342 727 669 778 interpretationem
698 725 801 763 dedit
831 725 1019 763 Cluverius
1050 725 1131 762 Ital.
1161 734 1235 761 ant.
1265 738 1301 775 p.
1331 723 1405 775 762

102 787 181 838 sqq.
233 788 430 831 Homerus,
447 787 510 837 qui
527 787 691 823 locorum
710 785 791 822 fitus
809 797 871 835 per
890 784 1053 821 Siciliam
1076 794 1113 822 et
1130 784 1288 828 Italiam,
1307 783 1407 820 litto-

102 848 215 885 ralem
234 847 371 892 saltem,
397 847 519 897 paullo
536 845 737 882 accuratius
765 854 882 889 norat,
915 844 1051 881 servato
1081 845 1211 882 Oceani
1228 843 1406 880 vocabulo

103 907 222 956 (cujus
240 907 343 945 notio
361 919 431 943 una
446 905 641 955 eademque
658 917 722 940 nec
742 903 811 940 fuit
837 917 902 941 nec
930 904 996 941 effe
1022 903 1156 954 potuit,
1182 904 1316 940 variata
1343 903 1405 940 illa

98 966 176 1015 Jam
205 976 288 1003 ante
306 965 523 1008 Homerum,
550 974 590 1001 ut
607 964 727 1013 paullo
751 973 832 999 ante
850 962 1027 1012 diximus)
1052 961 1181 1010 Ulyffis
1198 974 1333 999 errores
1359 962 1405 998 ad

103 1025 218 1063 Italiae
240 1038 340 1062 oram
356 1024 479 1061 retulit
497 1036 538 1061 ac
556 1022 747 1074 disposuit,
777 1021 973 1072 Circesque
989 1023 1079 1059 adeo
1096 1021 1247 1059 insulam
1262 1023 1296 1060 ei
1323 1023 1407 1059 loco

100 1084 303 1135 assignavit,
332 1082 397 1134 qui
425 1082 560 1119 Cireaei
591 1081 829 1132 promontorii
858 1091 895 1119 et
921 1091 1045 1132 portus
1073 1095 1203 1119 nomen
1235 1081 1293 1120 seu
1320 1091 1406 1120 tunc

97 1145 174 1196 jam
191 1144 317 1182 habuit
333 1144 392 1180 seu
411 1142 496 1180 inde
511 1141 663 1192 accepit.

155 1204 253 1242 Circe
272 1204 439 1251 veneficiis
464 1201 639 1238 celebrata
655 1200 701 1238 est
721 1200 806 1237 inde
823 1200 868 1238 ab
888 1200 1051 1238 Homero
1068 1213 1077 1237 :
1107 1213 1190 1238 nam
1214 1200 1405 1252 Argonau-

103 1262 179 1300 tica
197 1263 244 1300 de
260 1262 328 1299 hac
353 1263 428 1310 ejus
447 1269 522 1298 arte
549 1260 662 1298 filent.
719 1257 803 1297 Fuit
831 1260 899 1297 hoc
927 1261 1158 1311 antiquorum
1187 1269 1405 1311 temporum,

104 1332 146 1360 ut
172 1323 370 1361 etiamnum
397 1321 491 1359 inter
517 1321 668 1371 populos
694 1320 863 1358 barbaros
891 1334 948 1358 res
974 1321 1022 1357 est
1050 1320 1130 1357 satis
1157 1321 1336 1370 frequens,
1367 1330 1407 1358 ut

101 1382 224 1433 paffim
240 1381 279 1419 in
296 1382 414 1419 minus
431 1383 525 1418 notis
552 1381 642 1418 locis
669 1381 900 1418 crederentur
930 1381 997 1417 effe
1025 1380 1151 1431 populi
1178 1382 1235 1417 vel
1260 1380 1407 1418 familiae

102 1441 161 1480 vel
192 1438 372 1483 homines,
399 1441 463 1490 qui
493 1439 671 1477 veneficiis
703 1449 739 1476 et
767 1440 918 1490 magicis
949 1440 1083 1477 artibus
1104 1441 1294 1491 pollerent.
1350 1441 1405 1478 Ex

107 1500 283 1539 Strabone
298 1501 324 1537 l.
343 1513 378 1537 c.
405 1499 472 1536 lib.
493 1499 546 1544 V,
563 1513 599 1549 p,
622 1512 691 1550 355
715 1499 758 1544 B,
787 1510 944 1550 apparet,
972 1500 1164 1537 herbarum
1192 1500 1333 1551 copiam
1366 1514 1407 1538 ac

101 1559 342 1611 frequentiam
378 1559 415 1596 in
451 1558 507 1596 his
542 1558 632 1596 locis
668 1559 935 1596 memorabilem
970 1560 1160 1597 nonnullos
1193 1559 1406 1610 prodidisse:

101 1620 206 1670 quod
224 1628 342 1656 tamen
360 1618 431 1669 ipse
448 1617 570 1669 potius
589 1618 636 1654 ad
655 1618 781 1655 Circes
800 1617 957 1655 fabulam
976 1619 1289 1657 accommodatum
1307 1629 1407 1670 puta·

104 1678 184 1716 Jvit:
212 1679 302 1727 φασὶ
329 1678 360 1715 δὲ
394 1677 452 1715 καῖ
478 1677 660 1727 πολύῤῥιζον
689 1677 781 1720 gozi,
811 1680 916 1727 τάχα
945 1683 990 1728 '533
1015 1678 1108 1728 μύθῳ
1128 1682 1174 1728 τῷ
1191 1679 1264 1728 weg?
1284 1679 1403 1728 Κίρκης

103 1742 388 1787 figeac-omnebus.
441 1736 500 1774 De
519 1748 655 1772 veneno
683 1735 872 1773 mortifero
899 1737 935 1773 in
961 1747 1082 1772 monte
1099 1736 1240 1773 Circaeo
1257 1737 1407 1775 obscura

98 1800 153 1837 est
182 1796 337 1834 narratio
368 1795 407 1832 in
438 1794 571 1832 Audit.
601 1794 740 1831 Mirab.
770 1809 806 1832 n.
827 1809 892 1847 79.
946 1795 1148 1832 Arboribus
1175 1796 1409 1847 frequentiffi-

106 1870 206 1896 mum
235 1857 302 1895 effe
329 1854 619 1906 promontorium
645 1853 841 1899 Circaeum,
872 1854 1003 1891 diserte
1032 1864 1151 1891 narrat
1172 1854 1408 1906 Theophrast.

107 1916 203 1954 Hist.
223 1915 327 1953 Plant
351 1914 399 1959 V,
418 1927 458 1964 9,
477 1913 644 1965 inprimis
664 1914 791 1963 myrtis
812 1927 961 1964 quarum
977 1928 1088 1965 genus
1107 1914 1256 1965 aliquod
1274 1916 1410 1953 humile

103 1987 144 2016 et
158 1976 282 2028 generi
309 1975 499 2014 coronario
526 1974 734 2025 proximum
752 1975 981 2012 enascebatur
1009 1975 1046 2011 in
1065 1975 1250 2026 Elpenoris
1270 1977 1346 2026 (qui
1366 1990 1408 2013 ex

107 2038 239 2088 Ulyffis
253 2036 355 2074 sociis
374 2035 463 2083 fuit)
494 2035 651 2077 tumulo,
675 2034 809 2072 caeteris
827 2036 1003 2086 amplibus
1022 2036 1199 2073 diffimile.
1254 2036 1365 2088 Qod
1386 2037 1410 2074 fi

107 2097 206 2135 hunc
223 2095 406 2146 exscripfit
426 2094 577 2138 Plinius,
608 2094 674 2131 lib.
705 2094 799 2139 XV,
833 2107 879 2144 29
911 2094 937 2131 s.
969 2095 1031 2143 36,
1063 2108 1187 2144 parum
1217 2095 1409 2145 diligenter

107 2156 236 2194 dixisse
253 2153 369 2192 videri
387 2152 493 2190 debet
509 2151 693 2189 universe:
724 2153 1060 2203 Myrtus—primum
1085 2154 1219 2190 Circeiis
1246 2160 1280 2189 in
1310 2154 1411 2204 Elpe-

108 2221 196 2253 noris
213 2213 336 2252 tumulo
351 2214 430 2262 ‹vffa
447 2214 605 2249 traditur.
633 2211 682 2249 cf.
703 2210 798 2249 Not.
813 2212 857 2248 ad
876 2225 910 2249 v.
936 2224 992 2248 11.
1049 2210 1159 2248 Fuere
1181 2220 1299 2248 tamen
1318 2211 1410 2261 ejus-

108 2274 212 2313 modi
237 2273 367 2310 fabula:
392 2272 437 2308 de
456 2270 641 2308 arboribus
660 2271 698 2307 in
716 2271 865 2308 heroum
892 2271 1040 2308 tumulis
1061 2271 1170 2308 enatis
1189 2272 1329 2321 plures:
1360 2272 1413 2310 uti

104 2335 157 2372 de
172 2334 316 2386 platano
336 2331 374 2369 in
395 2329 585 2368 Diomedis
603 2330 762 2367 tumulo:
795 2329 843 2367 cf.
864 2329 932 2366 inf.
953 2329 1043 2365 Exc.
1065 2330 1082 2366 Ι
1101 2330 1145 2366 ad
1162 2330 1228 2367 lib.
1250 2329 1321 2369 XI.

154 2394 340 2431 Caeterurn
358 2389 495 2441 fabula
524 2390 564 2426 de
595 2389 694 2426 Circe
711 2401 780 2425 una
797 2401 841 2425 ex
861 2388 906 2425 iis
923 2389 987 2425 effe
1017 2389 1177 2432 videtur,
1205 2402 1311 2438 quarn
1332 2389 1413 2427 Ho-

104 2466 227 2492 merus
243 2465 263 2488 a
285 2449 405 2502 priore
431 2449 556 2499 aliquo
583 2449 691 2498 poeta
719 2449 903 2484 traf’tatam
933 2458 1131 2499 acceperit,
1160 2447 1217 2484 seu
1237 2447 1274 2484 in
1294 2450 1415 2500 Argo·

109 2511 279 2555 nauticis,
301 2508 363 2546 seu
383 2508 482 2559 quod
499 2506 708 2557 probabilus
735 2518 769 2543 et
797 2507 843 2543 ad
874 2507 1053 2544 vetustatis
1085 2506 1231 2558 genium
1251 2508 1413 2558 propius,

103 2586 193 2611 cum
212 2573 320 2622 poeta
338 2566 468 2619 aliquis
487 2566 671 2617 antiquior
688 2566 911 2617 voluptatum
927 2566 1000 2604 vim
1016 2567 1062 2603 ad
1078 2578 1191 2604 mores
1207 2566 1415 2606 hominibus

106 2630 288 2670 belluinos
311 2626 512 2665 induendos
530 2625 599 2662 boc
618 2624 724 2674 mytho
740 2626 780 2661 de
797 2629 932 2662 mutatis
949 2640 972 2661 a
992 2626 1089 2662 Circe
1108 2631 1142 2661 in
1171 2624 1297 2661 belluas
1313 2626 1415 2663 homi.

111 2689 206 2728 nibus
223 2685 408 2724 docuisset.
461 2683 628 2721 Nomina
656 2683 816 2734 profecto
838 2684 1046 2735 excogitata
1065 2684 1230 2720 videntur
1248 2697 1268 2720 a
1283 2683 1415 2723 Graeco

112 2746 273 2787 homine.
328 2745 395 2783 Aia
415 2744 461 2782 est
479 2743 667 2794 antiquum
696 2756 825 2780 nomen
853 2753 976 2781 terrae:
1011 2743 1120 2780 frater
1147 2744 1286 2787 Αἰήτης,
1310 2745 1416 2782 terri-

110 2821 222 2863 gena,
250 2816 352 2858 pater
383 2804 442 2844 Sal
460 2813 500 2843 et
527 2815 639 2844 mater
665 2805 763 2853 ,Perse
795 2803 1007 2843 Oceanina:
1037 2804 1207 2855 quoniam
1235 2802 1348 2840 insula
1376 2806 1416 2842 in

1229 2863 1419 2906 Oceanum
