1847 3313
414 315 505 361 240
609 298 663 346 P.
720 292 1102 345 VIRGILII
1159 281 1557 339 MARONIS

413 432 727 494 Miraturque,
747 431 959 492 interque
984 443 1148 474 manus
1173 439 1218 473 et
1240 424 1432 472 brachia
1455 423 1605 470 versat
1624 421 1718 484 619

413 521 703 568 Terribilem
723 520 872 567 cristis
896 518 1082 581 galeam
1108 513 1414 575 flammasque
1433 521 1720 564 vomentem,

414 613 772 674 Fatifcrumque
796 610 967 666 ensem,
991 608 1189 654 loricam
1213 621 1269 651 ex
1299 620 1388 650 aere
1418 602 1670 665 rigentem5

411 704 746 766 Sanguineam,
766 701 1026 762 ingentem,
1041 698 1207 758 qualis,
1222 708 1371 756 quum
1383 690 1559 737 caerula
1574 689 1720 735 nubes

411 792 530 838 Solis
555 788 803 838 inardescit
828 786 985 841 radiis,
1017 785 1249 846 longeque
1272 779 1504 842 refulget;

412 881 459 929 T
462 899 543 928 um
568 880 681 927 levis
705 893 865 925 ocreas
886 875 1057 922 electro
1082 888 1289 935 auroque
1313 871 1517 928 recocto,

413 971 724 1034 Hastamque,
750 981 796 1015 et
816 965 959 1030 clipei
985 982 1078 1012 non
1101 963 1358 1011 enarrabile
1381 975 1580 1010 textum.
1628 962 1718 1022 625

413 1066 520 1112 Illic
548 1080 616 1111 res
643 1062 781 1108 Italas
805 1060 1228 1120 Romanorumque
1247 1055 1533 1117 triumphos,

415 1154 565 1203 Haud
593 1164 752 1199 vatum
778 1151 967 1215 ignarus
993 1147 1268 1210 venturique
1290 1146 1460 1193 inscius
1482 1145 1590 1203 aevi,

459 1284 534 1327 619.
581 1297 634 1326 que
663 1283 731 1326 post
767 1284 888 1314 miratur
921 1293 940 1312 a
971 1278 1133 1311 nonnullis
1167 1278 1274 1310 abest:
1315 1287 1345 1311 v.
1380 1278 1478 1316 Pier„
1515 1282 1547 1310 et
1580 1278 1619 1309 fic
1651 1272 1729 1308 Ald.

415 1345 467 1379 pr.
528 1349 626 1367 manus
662 1337 719 1379 sua
765 1335 881 1365 brachia
929 1331 1068 1363 Parrhas.
1111 1331 1204 1375 verstt
1241 1330 1486 1373 Reg.——620.
1524 1331 1730 1373 flammamque

416 1388 498 1419 alter
529 1387 646 1419 Hamb.
695 1385 874 1430 flammzy'quc
906 1383 1048 1415 Parrhas.
1085 1394 1103 1413 a
1133 1393 1180 1424 pr.
1213 1392 1257 1413 m.
1303 1392 1454 1413 vomentem
1494 1382 1579 1413 Gud.
1615 1381 1654 1413 ab
1684 1381 1738 1412 al-.

416 1446 487 1470 tera
517 1449 612 1470 manu
643 1438 675 1468 in
709 1437 794 1468 erasa
824 1435 924 1477 prisca
954 1434 1103 1472 leffione,
1137 1444 1154 1464 e
1186 1444 1248 1474 qua
1277 1443 1386 1465 nantem
1426 1433 1606 1475 supererat;
1644 1432 1731 1474 quod

418 1489 527 1522 Heius.
570 1498 716 1526 tonantem,
760 1487 873 1518 Burm.
915 1489 1060 1517 minantem
1105 1483 1238 1524 supplet.
1253 1500 1338 1506 —--
1350 1482 1426 1515 621.
1471 1484 1638 1526 loricamque
1675 1492 1726 1523 pr.

420 1541 539 1572 Hamb.
584 1550 609 1571 et
624 1541 736 1571 loricam
756 1538 871 1578 Bigot3
894 1536 1000 1578 paullo
1017 1534 1130 1565 melius
1146 1544 1219 1564 cum
1237 1532 1337 1564 Goth.
1358 1533 1596 1572 tert.—-623.
1621 1533 1733 1575 refulsit

421 1592 522 1641 th.
553 1591 611 1623 sec.
705 1590 780 1625 624.
804 1589 893 1619 lentas
925 1586 1022 1618 Goth.
1050 1587 1109 1617 sec.
1163 1589 1281 1616 recofias
1312 1594 1360 1626 pr.
1389 1584 1544 1614 Rottend.
1603 1586 1731 1615 nitentem

420 1645 519 1676 ‹odex
543 1641 716 1684 Pomponii
740 1640 821 1672 Laeti
844 1652 893 1682 ap.
923 1636 1173 1677 Pier.—·-627.
1200 1637 1293 1668 Haud
1303 1637 1370 1679 fati
1396 1636 1503 1677 Bigot.
1528 1646 1601 1666 cum
1630 1635 1731 1666 Goth.

420 1703 511 1733 tert.,
536 1694 622 1736 quod
638 1691 728 1723 facile
745 1688 943 1734 praeferrem,
957 1689 1013 1720 nisi
1026 1688 1265 1719 emendatorem
1281 1685 1450 1717 redoleret.
1481 1684 1584 1728 fatum
1600 1694 1662 1716 tres
1677 1697 1730 1727 ap.

421 1746 743 1788 Burn1.profat0rum
755 1756 766 1774 .·
789 1740 829 1773 fic
846 1749 876 1772 et
894 1740 1055 1772 Bersrnan.
1068 1745 1099 1770 et
1116 1737 1321 1769 Melanchth.
1334 1736 1367 1767 in
1379 1747 1480 1778 marg.
1501 1744 1532 1767 et
1548 1736 1617 1778 post
1635 1737 1734 1768 Wad-

422 1798 544 1831 delium
561 1795 704 1839 praetulit
721 1793 940 1835 Cuningham.
988 1790 1113 1822 Scilicet
1129 1790 1209 1821 haud
1222 1798 1322 1820 vatum
1339 1790 1455 1831 ignarus
1468 1787 1628 1818 Vulcanus
1644 1788 1733 1819 vide-

423 1859 477 1883 tur
494 1850 601 1890 inepte
615 1847 737 1878 dietum
751 1844 821 1881 effe,
832 1844 917 1885 quasi
933 1843 994 1874 deo
1012 1843 1118 1873 futura
1131 1840 1277 1871 discenda
1287 1838 1406 1870 fuerint
1418 1838 1579 1869 avaribus.
1626 1839 1734 1870 Aliter

423 1914 473 1934 res
489 1901 518 1932 se
535 1898 670 1930 habebat
693 1898 750 1933 IV,
775 1895 812 1936 ⁶5
832 1899 855 1927 0
881 1905 984 1927 vatum
1009 1895 1121 1937 ignarae
1142 1901 1251 1928 mentes,
1265 1889 1320 1921 ubi
1335 1899 1433 1921 mentes
1450 1899 1552 1920 vatum
1568 1890 1651 1923 sunt.
1698 1892 1734 1922 ln

422 1954 509 1986 salvo
528 1959 636 1983 tamen
654 1959 702 1980 res
718 1948 771 1979 est.
820 1950 908 1980 Vates
923 1946 1002 1977 dixit
1023 1949 1134 1987 po'e'ta,
1148 1954 1207 1984 pro
1223 1941 1400 1972 vaticiniis:
1425 1940 1510 1971 haud
1527 1940 1655 1982 ignarus
1667 1949 1735 1972 erat

423 2004 588 2036 Vulcanus
603 2009 728 2038 eorum,
744 2009 814 2040 quae
831 1998 986 2042 praedicta
1008 2004 1040 2029 et
1056 1993 1206 2040 promissa
1222 2000 1312 2025 erant
1327 1992 1441 2023 AEneae
1462 1988 1589 2034 ejusque·
1606 1992 1737 2034 posteri<²

425 2056 495 2090 tati.
540 2057 652 2098 ignaros
670 2052 732 2083 duo
749 2049 816 2081 alii.

427 2163 500 2201 fere
520 2171 559 2198 ut
582 2159 643 2198 υἷος
661 2157 892 2197 {nummio-Siraci
919 2155 1046 2204 Odyss.

429 2227 466 2260 λ,
485 2228 530 2265 45
544 2226 575 2251 1.
631 2212 719 2258 619.
741 2211 788 2248 est
808 2207 1048 2246 Homericum

431 2272 571 2317 τέξπετο
587 2273 658 2300 etc.
686 2262 794 2300 Iliad.
815 2277 850 2304 τ,
874 2264 931 2298 18·
960 2261 1048 2297 620.

416 2323 581 2369 stammas
598 2324 779 2352 vomentem
796 2311 940 2363 poetica
959 2309 1050 2347 ima-

430 2384 480 2420 go
511 2365 709 2419 splendoris
741 2361 974 2405 coruscantis,
1007 2374 1051 2398 ex

429 2421 540 2460 Iliad.
560 2438 588 2464 ε,
616 2431 641 2467 4
666 2420 748 2454 Δαῖέ
767 2417 794 2452 οἶ
817 2419 851 2453 ἔκ
869 2413 998 2463 κόξυὲός
1018 2430 1054 2452 τε

431 2474 490 2514 nx?
508 2470 648 2511 ἀσπίδος
664 2471 842 2514 ἀκάματον
856 2472 933 2515 τῖς.
965 2466 1053 2503 622.

418 2530 664 2579 sanguineum,
704 2522 822 2564 Serv„
856 2527 1054 2559 cruentam,

434 2575 659 2618 terribilem3
695 2573 809 2609 immo
838 2567 999 2612 rutilam,
1029 2569 1053 2605 fi

433 2644 478 2667 ex
497 2640 565 2666 aere
592 2624 775 2662 thoracem
807 2621 966 2672 cogite53
995 2632 1052 2656 or-

434 2680 535 2719 navit
578 2687 695 2714 autem
731 2683 766 2712 et
791 2674 849 2710 -ad
884 2683 1053 2709 terrorem

435 2734 544 2782 usque
561 2728 662 2766 auxit
681 2727 805 2768 Maro,
834 2724 932 2774 quod
961 2722 1056 2759 nude

462 2783 600 2820 osuerat
614 2774 908 2816 Homerusniad.
924 2793 961 2818 σ,
981 2776 1055 2823 609

433 2799 571 2884 ξὼξηκα
590 2833 787 2882 φαεινότεξον
813 2828 911 2877 ’πυξός
940 2830 1056 2872 0⁶&st-

437 2885 546 2940 qualis
579 2900 675 2937 quum
711 2881 841 2921 caerzda
880 2878 979 2918 nubes
1014 2889 1060 2915 ex

1115 2153 1288 2204 Apollon.
1317 2149 1390 2195 IV,
1423 2162 1517 2201 ¹²53
1545 2147 1609 2185 ubi
1626 2143 1738 2195 velluq

1115 2218 1259 2243 aureum
1290 2207 1400 2253 νεφέλῃ
1434 2203 1626 2247 ἐναλίγκιον,
1655 2201 1674 2239 “ti
1704 2197 1739 2236 τ’

1115 2259 1253 2295 ainzu-ros
1271 2255 1384 2292 Ἠελίὸ
1402 2257 1597 2304 φλογερῇσιν
1615 2249 1740 2300 ἐξώθε-

1117 2327 1176 2347 ται
1195 2309 1394 2346 ἀκτίνεσσιν.
1447 2306 1537 2357 625.
1566 2303 1661 2353 clipei
1677 2318 1739 2339 non

1116 2358 1308 2399 enarrabile
1340 2368 1494 2395 textum:
1536 2353 1741 2397 materiam,

1120 2425 1227 2463 quam
1267 2409 1448 2460 explicare
1489 2414 1656 2456 nequeat,
1700 2411 1741 2441 ut'

1119 2475 1261 2507 caetera,
1281 2460 1453 2511 intelligit
1472 2459 1605 2496 Cerda.
1634 2455 1740 2492 Malo

1119 2529 1157 2566 in
1177 2529 1220 2553 eo
1240 2525 1394 2556 manere,
1428 2521 1466 2547 ut
1491 2518 1741 2560 argumentum

1119 2566 1229 2617 clipei
1251 2566 1291 2602 fit
1309 2573 1380 2600 tam
1399 2560 1540 2600 varium
1559 2570 1594 2597 et
1611 2558 1740 2608 copio-

1120 2619 1212 2663 sum,
1232 2628 1271 2654 ut
1287 2624 1449 2653 enarratu
1464 2611 1611 2650 difficile
1625 2607 1741 2647 videri

1119 2671 1262 2707 debeat.

1171 2721 1260 2759 625.
1288 2717 1456 2768 Sequitur
1482 2714 1582 2752 locus
1601 2713 1647 2750 de
1674 2711 1742 2749 cli-

1120 2782 1188 2824 peo
1215 2771 1339 2811 AEneae
1363 2767 1606 2806 nobiliffimus.
1660 2762 1743 2800 Cli-

1122 2838 1229 2875 peum
1253 2818 1523 2874 autem-cogita
1549 2817 1601 2854 ita
1628 2815 1744 2852 infor-

1124 2885 1276 2920 matum,
1303 2883 1342 2911 ut
1358 2872 1396 2909 in
1415 2869 1533 2908 media
1549 2877 1663 2921 parte,
1682 2866 1741 2902 seu

1666 2930 1745 2955 um-
