1847 3313
313 236 405 298 556
490 232 544 280 P.
602 227 988 278 VIRGILM
1056 222 1450 274 MARONIS

310 364 357 411 O
382 365 535 428 virgo,
569 375 614 410 et
638 361 805 409 nostris
830 359 1157 424 nequidquam
1180 357 1391 422 cingitur
1413 358 1580 414 armis,

312 454 434 501 Cara
469 452 592 499 mihi
629 466 737 498 ante
775 450 906 497 aliaS.
989 449 1158 514 Neque
1193 448 1321 496 enim
1356 463 1504 495 novus
1549 445 1634 493 iste

512 542 684 590 Dianae

313 636 459 683 Venit
479 648 629 689 amor,
663 632 909 695 subitaque
929 630 1146 677 animum
1167 626 1423 675 dulcedine
1459 625 1629 675 movit.

316 725 482 775 Pulsus
503 724 565 770 ob
590 722 822 769 invidiam
844 735 994 783 regno
1013 715 1226 780 viresque
1248 715 1470 780 superbas

318 817 548 864 Priverno
564 814 757 877 antiqua
772 812 998 859 Metabus
1013 826 1125 857 cum
1144 808 1391 856 excederet
1410 805 1542 863 urbe,
1549 816 1643 867 540

319 906 577 961 Infantem,
613 903 799 966 fugiens
826 900 986 948 media
1009 900 1132 947 inter
1156 897 1333 962 proelia
1355 895 1487 952 belli,

320 992 518 1041 Sustulit
541 990 704 1037 exfilio
725 989 973 1040 comitem,
1006 984 1266 1042 matrisque
1289 983 1480 1026 vocavit

322 1084 538 1133 Nomine
563 1077 820 1134 Casmillae,
855 1084 1037 1122 mutata
1053 1084 1204 1135 parte,
1239 1071 1515 1118 Camillam.

368 1229 446 1262 537.
473 1219 537 1251 Nc(
548 1217 612 1249 alii.
656 1216 726 1246 enim
742 1211 827 1245 abest
841 1209 925 1242 binis
941 1210 1051 1241 Eurm.
1067 1215 1100 1239 et
1115 1207 1170 1238 uni
1188 1207 1290 1239 Goth.
1336 1219 1422 1237 novus
1440 1205 1550 1237 deerat
1561 1205 1647 1236 Dor.

331 1269 721 1311 vill.—-——538.J31bitoque
736 1276 755 1297 a
777 1275 822 1296 m.
841 1273 889 1305 pr.
907 1261 1042 1298 Medic„
1067 1269 1249 1302 perperam.
1285 1257 1353 1291 vid.
1388 1257 1502 1288 Heins.
1528 1257 1568 1288 ad
1592 1256 1651 1292 111,

327 1334 407 1364 225.
440 1324 579 1364 ſsrbitiqne
591 1317 758 1351 Montalb.
806 1317 851 1345 At
863 1323 921 1356 pro
932 1324 981 1354 que
995 1310 1107 1342 malim
1118 1323 1153 1341 ve
1163 1322 1174 1341 .·
1187 1310 1318 1350 flebitave
1331 1321 1339 1347 3
1363 1319 1420 1340 nec
1432 1319 1533 1340 novus
1558 1317 1651 1338 amor

328 1378 373 1409 est
387 1387 443 1407 nec
459 1374 759 1410 subitus.--—-540.
783 1368 959 1397 Privernum
970 1365 1058 1395 Serv.
1075 1362 1115 1393 ad
1130 1363 1221 1399 VIII,
1238 1360 1314 1400 803.
1362 1361 1410 1391 Ita
1436 1367 1469 1391 et
1499 1359 1591 1390 urbem
1605 1357 1651 1388 le-

329 1428 485 1471 gendum,
506 1423 635 1467 quodin
647 1423 721 1453 Exc.
740 1421 852 1451 Burm.
868 1424 945 1448 erat.
997 1441 1004 1442 ff
1033 1423 1110 1455 542.
1135 1414 1233 1444 vocari
1244 1411 1388 1444 Pan-has.
1434 1413 1537 1442 locavit
1564 1409 1652 1441 Gud·
1712 1402 1716 1405 Δ

332 1487 496 1518 --543.
522 1475 664 1507 Scamillae
675 1472 799 1505 editum
814 1467 938 1500 Pierius
953 1472 1128 1498 memorat:
1152 1463 1193 1495 sc.
1209 1463 1242 1494 in
1259 1462 1336 1493 Ald.
1346 1472 1397 1505 pr.
1443 1463 1490 1492 At
1510 1461 1653 1502 Casmillae

330 1530 457 1561 editum
469 1528 501 1558 In
520 1526 576 1557 alt.
601 1531 634 1556 et
652 1524 726 1556 hinc
742 1522 775 1552 in
792 1519 926 1552 caeteris.
972 1517 1118 1548 Carmillae
1146 1514 1232 1546 Gud.
1260 1524 1279 1544 a
1299 1524 1346 1544 m.
1379 1522 1430 1555 pr.
1476 1524 1543 1554 quas
1567 1512 1654 1543 millae

332 1580 425 1612 codd.
440 1590 489 1621 ap.
507 1577 592 1608 Pier.
638 1576 765 1606 Verum
780 1571 921 1603 arbitror
937 1568 998 1600 esse
1012 1579 1020 1600 ε
1049 1568 1191 1609 Csffmilae‚
1212 1565 1252 1597 ad
1268 1564 1357 1606 quod
1373 1563 1495 1595 accedit
1510 1562 1653 1595 Dorvill.

335 1633 467 1674 Cosmus,
486 1628 591 1662 infimi
607 1635 717 1660 tamen
732 1624 794 1657 loci
807 1623 925 1655 codex:
951 1621 1037 1652 idem
1053 1620 1086 1651 in
1096 1619 1157 1652 suis
1173 1616 1368 1650 membranis
1382 1614 1502 1657 reperit
1517 1615 1659 1646 Brunck.

334 1694 368 1716 et
385 1682 528 1726 recepit3
551 1679 608 1711 nifi
621 1678 739 1722 potiu5‚
760 1676 878 1718 inquit,
902 1674 1032 1704 Cadmilae
1047 1675 1147 1714 poeta
1162 1668 1317 1712 scripserit
1332 1679 1340 1698 ι
1363 1674 1400 1698 ut
1417 1666 1557 1707 Κάδμιλος
1573 1666 1658 1708 apud

337 1735 501 1779 Lycophr.
514 1732 575 1765 162
585 1731 630 1763 est
643 1741 653 1765 τ
676 1736 783 1761 mutata
794 1728 863 1771 jam
880 1726 930 1758 ed.
941 1724 1020 1757 Ald.
1037 1730 1112 1755 tert.
1127 1722 1257 1754 dederat
1269 1730 1340 1751 cum
1357 1719 1427 1751 aliis
1436 1719 1661 1750 vetustioribus

336 1788 464 1821 nostris.
509 1787 558 1816 At
574 1782 753 1825 Egnatiana
769 1787 800 1811 et
817 1778 887 1811 aliae
903 1779 1032 1809 mutilata
1047 1786 1055 1806 ε
1090 1782 1127 1806 ut
1153 1781 1184 1805 et
1213 1772 1339 1804 Pierius
1365 1771 1488 1802 editum
1504 1769 1631 1812 legebat
1647 1781 1655 1802 z

337 1840 427 1883 quod
444 1840 628 1869 Burmanno
645 1832 747 1875 magis
759 1831 904 1875 placebat
918 1840 926 1861 z
952 1828 1027 1871 quia
1042 1838 1105 1859 una
1120 1825 1229 1857 littera
1245 1822 1361 1855 extrita
1376 1822 1420 1853 est
1438 1823 1468 1864 s
1516 1822 1662 1854 Debetur

341 1893 404 1924 hoc
420 1890 588 1921 inventum
605 1884 780 1916 Benedi<9m
797 1881 963 1924 philologo
978 1879 1011 1911 in
1028 1878 1201 1920 edit-Junt.
1222 1883 1319 1914 1520,
1329 1873 1385 1915 qui
1402 1884 1473 1904 eam
1487 1872 1659 1905 ledlionem

341 1941 484 1973 vetustos
500 1936 590 1969 codd.
609 1943 642 1966 et
656 1934 741 1965 bona
756 1932 885 1975 ingenia
898 1930 1067 1973 agnoscere
1090 1928 1147 1959 ait.
1189 1925 1327 1957 Videtur
1343 1931 1452 1954 tamen
1464 1931 1570 1954 mutata
1585 1927 1662 1967 po&-

341 1994 440 2026 ticam
457 1990 636 2021 orationem
654 1987 758 2027 magis
775 1985 909 2015 decere:
950 1989 982 2013 et
1007 1979 1168 2012 mutilatio
1191 1977 1247 2009 sub
1279 1976 1335 2008 illo
1360 1983 1526 2017 tamquam
1541 1987 1661 2018 genere

343 2043 572 2090 comprehensa
588 2041 653 2073 est:
677 2046 749 2073 tum
764 2045 875 2070 tuetur
891 2036 925 2068 id
942 2033 1107 2066 consensus
1123 2029 1215 2064 codd.
1234 2029 1444 2062 vetustiorum
1460 2029 1615 2062 omnium.

345 2150 491 2188 devolat
510 2150 548 2186 in
567 2157 710 2185 terram.
757 2147 842 2197 536.
862 2148 972 2196 nostris

346 2208 464 2245 armis,
492 2199 622 2251 quibus
640 2198 798 2235 Camilla
825 2198 864 2234 in
896 2210 973 2234 mo·

347 2268 423 2292 rem
438 2253 567 2290 Dianae
579 2260 614 2287 et
628 2249 884 2301 Nympharum
904 2248 976 2285 uti-

1039 2142 1207 2181 mandata
1225 2140 1344 2179 dantis
1360 2139 1405 2177 ad
1419 2139 1521 2189 Opin
1534 2138 1663 2177 inserta

1039 2196 1085 2232 est
1105 2207 1177 2231 non
1207 2193 1290 2231 satis
1317 2191 1525 2229 commode.
1579 2191 1667 2227 Alia

1041 2261 1077 2284 v.
1097 2246 1135 2284 in
1152 2245 1242 2282 Exc.
1259 2245 1296 2281 Π
1311 2244 1356 2280 ad
1368 2244 1407 2280 h.
1423 2244 1448 2280 1.
1505 2254 1592 2295 539.
1606 2248 1665 2279 vi—

349 2317 421 2344 tur.
449 2305 499 2342 cf.
521 2302 590 2341 inf.
613 2305 700 2352 844.

381 2356 565 2411 540.Qae
584 2349 912 2404 sequiturnarratio
932 2349 977 2386 de

352 2410 515 2450 Camilla
531 2417 567 2444 et
582 2416 682 2458 patre
701 2404 867 2446 Merabo,
885 2401 978 2460 'Pri-

351 2472 541 2500 vernatum
559 2468 730 2508 tyranno,
757 2468 801 2492 ex
821 2454 979 2503 antiquis

353 2514 532 2553 Italorum
570 2510 717 2554 fabulis,
747 2507 806 2544 seu
840 2505 978 2543 annali-

354 2568 423 2605 bus
442 2564 568 2615 petita,
595 2572 630 2599 et
661 2558 805 2611 egregie
835 2557 879 2593 ad
903 2557 980 2606 epi-

355 2632 434 2656 cam
454 2615 577 2666 poesin
596 2611 882 2651 accommodata,
898 2623 981 2646 cum

357 2673 395 2708 τὲ
421 2666 602 2718 ‘regar-2¹33
621 2664 764 2707 habeat,
793 2661 982 2711 reprehen-

357 2723 487 2759 sionem
547 2729 664 2755 tamen
731 2713 893 2751 admittit
946 2713 984 2749 in

360 2775 447 2818 hoc,
467 2770 562 2823 quod
585 2768 716 2806 Dianae
748 2767 811 2805 illa
831 2764 985 2803 sermoni

1045 2315 1095 2336 res
1115 2297 1298 2347 superbas,
1335 2295 1373 2333 h.
1410 2294 1538 2331 nimias
1569 2307 1668 2344 opes,

1044 2348 1244 2400 potentiam
1273 2345 1433 2385 libertati
1452 2346 1589 2383 civium
1608 2345 1667 2382 in-

1044 2402 1194 2445 festam;
1241 2400 1336 2437 unde
1364 2397 1450 2435 odia
1481 2398 1521 2435 in
1555 2408 1665 2435 eum:

1047 2453 1165 2501 Pulsus
1183 2450 1221 2490 ob
1237 2452 1417 2488 invidiam.
1456 2450 1508 2486 At
1527 2448 1670 2485 ServiUs

1048 2511 1140 2542 vires
1172 2503 1328 2554 uperbas‚
1356 2501 1486 2552 quibus
1518 2499 1669 2551 superbe

1048 2556 1228 2598 utebamr,
1257 2555 1524 2604 interpretatur.
1580 2565 1670 2603 543.

1051 2607 1203 2644 Tribuit
1220 2605 1334 2656 igitur
1351 2609 1460 2655 poeta
1480 2603 1588 2654 patris
1607 2616 1670 2640 vo-

1049 2658 1196 2700 luntati,
1224 2657 1323 2708 quod
1339 2655 1499 2693 emollita
1511 2668 1670 2706 pronun-

1051 2710 1157 2747 tiatio
1178 2709 1368 2746 serioribus
1387 2707 1551 2745 aetatibus
1577 2716 1671 2742 attu-

1051 2762 1109 2809 lit,
1138 2771 1193 2808 ut,
1220 2774 1286 2812 pro
1317 2759 1462 2811 Casmilo
1492 2757 1674 2800 Camillus,

1606 2822 1673 2861 pro
