1847 3313
334 188 426 246 584
525 180 1450 234 P.V1RG1L11MARONIS

334 317 492 364 Pictus
509 333 594 363 acu
620 316 816 374 tunicas,
847 330 892 363 et
915 316 1111 363 barbara
1133 319 1345 380 tegmina
1366 334 1577 367 crurum„

335 408 482 455 Hunc
508 408 661 471 virgo,
694 408 789 454 five
812 419 863 454 ut
886 409 1078 471 templis
1100 409 1369 471 praefigeret
1391 426 1520 457 arma

338 497 498 555 Troh,
531 499 722 561 captivo
747 499 839 545 five
860 511 911 545 ut
934 497 977 545 se
1001 499 1138 546 ferret
1162 501 1209 546 in
1234 516 1359 557 auro,

336 587 580 646 venatrix,
614 606 763 636 unum
790 606 847 636 ex
866 590 998 637 omni
1016 590 1275 637 certamine
1297 605 1474 653 pugnae
1552 592 1648 650 784³

338 679 481 725 Caeca
504 678 809 742 sequebaturss
847 692 1093 742 totumque
1119 681 1306 727 incauta
1329 696 1415 744 per
1436 693 1610 743 agmen

338 769 566 817 Femineo
587 770 766 833 praedae
789 781 835 816 et
855 768 1114 832 spoliorum
1134 769 1326 815 ardebat
1349 783 1538 815 amore:

340 859 517 906 Telum
540 876 596 906 ex
627 858 801 905 infidiis
826 874 976 920 quum
998 857 1190 904 tandem
1215 870 1427 921 tempore
1443 869 1586 920 capto

342 944 582 1001 Concitat‚
615 957 662 991 et
685 945 872 1010 superos
897 949 1077 994 Arruns
1101 948 1163 994 fic
1188 964 1302 995 voce
1325 962 1572 1012 precatur:

343 1036 541 1082 Summe
563 1034 720 1093 deum,
754 1036 895 1083 sancti
917 1037 1069 1084 custos
1092 1037 1291 1084 Soractis
1314 1038 1508 1101 Apollo,
1559 1041 1648 1101 785

389 1166 465 1206 778.
495 1167 576 1198 ‘Tunc
590 1169 670 1209 virgo
694 1168 829 1209 Nsenag.
855 1157 1066 1210 pr.—·—78⁸1.
1095 1169 1178 1198 Certa
1193 1169 1226 1209 s.
1252 1166 1367 1199 Parth.
1411 1168 1520 1196 incauta
1538 1165 1605 1207 jtnn
1622 1164 1656 1197 ἰή

346 1226 425 1248 vett.
439 1218 512 1249 edd.
527 1217 605 1249 suit:
632 1226 667 1249 ut
684 1219 715 1248 in
732 1219 848 1257 nostra,
870 1221 956 1250 Ven.
975 1219 1123 1250 Norimb.
1142 1226 1173 1250 et
1189 1219 1269 1256 aliis,
1290 1227 1362 1249 tum
1374 1218 1406 1248 in
1423 1219 1540 1259 Egnat.
1588 1217 1658 1247 Fir-

345 1269 448 1301 mavit
460 1269 631 1300 lefflonem
643 1270 833 1301 anctoritate
849 1271 902 1301 sua
916 1272 974 1301 Ge.
994 1271 1161 1302 Fabricius.
1209 1272 1244 1301 In
1266 1270 1346 1307 aliis,
1369 1269 1468 1300 etiam
1491 1269 1588 1301 Aldd.
1606 1268 1657 1300 us-

346 1332 409 1362 que
427 1321 466 1351 ad
482 1321 691 1358 Cmnmclin„
714 1324 814 1364 incensa
831 1321 966 1364 legitur:
992 1323 1077 1364 quod
1093 1330 1124 1353 et
1147 1322 1239 1352 codd.
1267 1320 1412 1352 nonnulli
1438 1320 1578 1358 habent;
1602 1319 1657 1352 sed

347 1373 552 1410 recentiores,
572 1373 619 1404 uti
636 1381 667 1404 et
685 1373 784 1404 Goth.
801 1381 874 1405 tert.
894 1382 926 1404 et
939 1373 1171 1412 Erf.—-782.
1197 1374 1333 1404 Fulmineo
1343 1375 1410 1415 pede
1426 1371 1567 1403 Parrhas.

350 1423 426 1463 783.
451 1431 507 1453 tum
539 1423 676 1456 Dorvill.
721 1431 749 1453 et
778 1425 889 1454 Franc.
931 1428 1097 1454 cmfflantem
1127 1424 1226 1454 Goth.
1254 1435 1302 1466 pr.
1347 1431 1367 1456 t,
1401 1431 1482 1466 rapto
1512 1423 1660 1455 Parrhas.

350 1482 428 1506 cauto
441 1474 542 1506 Goth.
566 1481 643 1506 tert.
740 1475 811 1513 784.
838 1476 989 1505 concitate
1004 1475 1189 1506 melioribus
1206 1475 1356 1506 Pierianis
1381 1482 1414 1506 et
1439 1474 1500 1505 suis
1524 1474 1663 1505 restituit

351 1525 511 1563 Heinsius,
532 1536 590 1567 pro
606 1524 744 1566 vulgari:
773 1527 897 1569 Cmgjiciss
918 1527 1003 1568 quod
1019 1538 1056 1557 ex
1072 1527 1357 1568 interpretamento
1372 1526 1476 1563 venit3
1510 1525 1565 1557 etfi
1591 1526 1661 1558 Con·

349 1579 418 1607 citat
440 1576 481 1607 ad
506 1575 611 1618 ipsum
634 1583 760 1607 motum
787 1576 932 1608 librantis
960 1578 1062 1609 telum
1087 1577 1200 1610 referri
1225 1577 1500 1620 potest.-—-—785.
1514 1579 1596 1619 ficri
1610 1588 1661 1620 pr.

354 1729 432 1765 320
451 1716 589 1766 nodoque
603 1715 701 1764 finus
729 1714 979 1765 colleHafluen-

355 1779 417 1811 tes,
444 1766 506 1804 ubi
526 1781 560 1804 v·
580 1768 669 1805 Not.
684 1776 718 1804 et
732 1768 778 1804 ad
796 1768 870 1812 IV,
895 1782 978 1818 ¹39·

356 1820 404 1856 Et
437 1819 482 1855 fic
513 1817 647 1855 Statius
666 1819 787 1856 Theb.
806 1819 880 1863 IV,
905 1821 979 1860 266

358 1872 733 1920 Undantemqueſsnum
746 1874 834 1908 nodis
847 1877 980 1922 irrugat

357 1923 477 1960 Iberis.
532 1921 726 1959 Claudiam.
753 1922 786 1966 I,
816 1926 862 1972 89
882 1926 981 1961 nodas

356 1973 586 2025 quificblevat
603 1977 719 2022 evsmn,
748 1973 872 2011 Album
883 1980 981 2024 puni-

358 2041 408 2063 ceo
419 2031 531 2075 peHzls
544 2026 746 2075 djfcrimilmt
760 2029 850 2074 ostro.
878 2026 980 2064 Add.

358 2072 413 2120 Π,
438 2090 521 2127 109.
578 2077 681 2114 Poffis
705 2079 821 2114 nodum
839 2077 982 2128 proprie

359 2128 498 2165 dictum
529 2127 589 2164 hic
620 2128 740 2165 locum
770 2128 899 2165 habere
918 2142 981 2179 pu-

360 2188 460 2224 tare3
490 2179 650 2216 occurrit
669 2180 729 2216 ille
761 2190 796 2216 et
823 2180 911 2217 alibi
942 2180 979 2217 in

362 2232 452 2269 veste
470 2230 672 2275 constricta,
700 2241 738 2267 ut
757 2231 802 2268 de
818 2232 982 2268 Charon-

362 2293 399 2320 te
417 2282 490 2326 VI,
519 2295 609 2331 301,
636 2292 671 2319 et
692 2281 729 2318 in
755 2283 889 2320 nodum
907 2283 983 2319 col-

362 2333 447 2373 lecti
465 2333 558 2371 finus
575 2333 683 2370 etiam
702 2334 739 2370 in
763 2334 868 2385 signis
886 2344 982 2371 vete-

362 2399 443 2424 rum
468 2385 773 2430 occurrunt;·vix
800 2396 918 2422 tamen
946 2386 985 2423 in

363 2437 571 2487 chlamyde,
598 2436 656 2473 sed
692 2436 730 2473 in
765 2436 876 2482 pallio
891 2447 927 2473 et
946 2437 985 2473 in

363 2489 482 2541 palla:
511 2500 598 2539 ergo
615 2488 659 2525 ab
672 2488 709 2525 h.
726 2488 750 2525 l.
770 2487 849 2524 sunt
863 2487 987 2526 alieni.

364 2540 534 2578 Tandem
558 2539 708 2577 interior
725 2539 827 2576 vestis
856 2539 915 2576 seu
931 2550 987 2577 tu-

365 2592 450 2629 nica
481 2605 518 2628 v.
548 2604 619 2642 777
646 2601 722 2628 erat
750 2603 854 2640 opere
873 2590 986 2641 Phry-

365 2643 443 2694 gio.
497 2641 548 2679 cf.
582 2640 657 2692 sup.
675 2643 748 2685 III,
779 2646 867 2691 483.
897 2647 988 2691 484.

369 2695 434 2731 Ad
454 2693 652 2744 Phrygium
670 2693 855 2738 amiaum,
875 2694 990 2743 qualis

368 2746 408 2784 in
426 2745 533 2797 fignis
550 2754 586 2784 et
605 2744 686 2783 aliis
699 2755 858 2784 veterum
872 2745 990 2797 operi-

1541 1631 1662 1663 Hamb'.

1042 1718 1109 1755 bus
1124 1717 1298 1760 occurrit,
1309 1715 1417 1754 etiarn
1436 1714 1661 1753 referendum

1044 1771 1106 1812 est,
1135 1770 1230 1820 quod
1269 1769 1315 1805 de
1349 1780 1494 1805 crurum
1521 1767 1663 1817 integu-

1045 1823 1175 1859 mentis
1203 1821 1360 1871 sequitur
1396 1823 1482 1867 (non
1501 1819 1546 1855 ad
1561 1820 1663 1856 colo-

1045 1887 1120 1911 rem
1139 1886 1322 1914 croceum,
1350 1881 1390 1908 ut
1423 1870 1544 1907 Cerda
1574 1870 1664 1908 facit

1044 1925 1120 1975 post
1139 1924 1342 1971 Servium):
1371 1933 1403 1959 et
1419 1931 1519 1959 erant
1537 1922 1666 1960 barba-

1046 1992 1087 2013 ra
1107 1977 1159 2024 (h.
1174 1975 1344 2025 Phrygia)
1359 1977 1506 2025 tegmina
1519 1990 1670 2012 crurum·

1043 2028 1100 2064 Ita
1126 2028 1221 2065 enim
1255 2029 1363 2076 Atys,
1394 2025 1505 2070 Paris,
1535 2025 1664 2075 Gany-

1046 2080 1181 2123 medes,
1210 2078 1331 2121 Galli,
1357 2078 1569 2114 braccarum
1601 2090 1664 2128 ge-

1047 2144 1129 2167 nere
1162 2131 1282 2167 induti
1312 2130 1377 2166 esse
1400 2129 1512 2165 solent
1530 2129 1667 2165 femora

1046 2192 1082 2219 et
1101 2195 1219 2220 crura⁵
1249 2182 1344 2219 Bene
1362 2190 1480 2218 autem
1500 2179 1667 2217 Servius:

1048 2240 1074 2256 “
1097 2234 1186 2270 Sane
1200 2246 1379 2270 armorum
1393 2233 1501 2282 longa
1511 2232 1668 2282 descrip-

1049 2284 1101 2322 tio
1119 2298 1162 2322 eo
1180 2285 1325 2335 speciat,
1354 2295 1392 2321 ut
1407 2284 1444 2320 in
1462 2296 1586 2320 eorum
1601 2297 1669 2320 cu-

1049 2336 1239 2388 piditatem
1276 2335 1406 2373 merito
1425 2334 1583 2372 Camilla
1611 2335 1669 2373 vir

1049 2389 1176 2425 deatur
1187 2388 1251 2425 effe
1264 2386 1468 2425 succensa.'’
1507 2386 1670 2431 Scilicet,

1049 2440 1111 2476 etfi
1141 2439 1258 2476 virilis
1288 2438 1400 2476 animi
1428 2436 1579 2482 femina,
1613 2449 1671 2475 ta-

1052 2504 1132 2527 men
1148 2504 1168 2527 a
1187 2492 1286 2528 cultu
1303 2501 1338 2527 et
1355 2498 1483 2526 ornatu
1497 2488 1672 2528 intastam

1052 2551 1208 2579 mentem
1227 2555 1301 2579 non
1319 2541 1458 2579 habuit.
1514 2541 1614 2578 Hinc
1633 2555 1670 2581 v.

1052 2598 1125 2644 782
1134 2598 1281 2644 femineo
1296 2594 1427 2637 ardore,
1453 2592 1672 2642 impatienti,

1052 2654 1092 2681 ut
1111 2646 1210 2683 Serv.
1263 2645 1324 2681 Sic
1357 2643 1451 2688 VII,
1479 2657 1551 2696 345
1565 2649 1673 2694 femi-

1051 2712 1124 2735 nk’ae
1140 2711 1230 2735 Cllrae
1246 2710 1382 2747 lraeque·

1103 2751 1154 2799 78
1160 2761 1196 2801 5.
1256 2747 1316 2785 De
1361 2746 1506 2786 Soracte
1535 2755 1681 2849 (xgtqmte

1288 2811 1310 2850 ς
1607 2810 1679 2838 ones
