1847 3313
373 296 782 361 AENEIDOS‚
836 290 1143 350 LIB.V11.
1323 303 1417 365 115

116 439 220 504 Ipse
242 451 533 502 repertorem
557 437 812 485 medicinae
833 435 941 482 talis
959 446 1004 481 et
1026 433 1139 480 artis

116 523 336 578 Fulmine
359 530 705 592 Phoebigenam
730 527 915 591 Stygias
936 524 1132 573 detrufit
1149 523 1198 569 in
1219 519 1385 569 undas.

113 621 180 668 At
204 621 367 666 Trivia
389 620 719 683 Hippolytum
743 617 928 664 secretis
951 616 1076 662 alma
1099 611 1315 661 recondit

112 711 327 768 Sedibus,
363 724 410 758 et
433 710 660 772 nymphae
686 709 874 772 Egeriae
906 708 1186 770 nemorique
1216 704 1421 766 relegat:

115 804 248 849 Solus
271 803 352 850 ubi
377 804 426 850 in
445 803 568 849 filvis
593 800 723 847 Italis
748 800 973 863 ignobilis
999 815 1160 845 aevum
1327 792 1422 856 776

114 893 356 956 Exigeret,
389 891 610 954 versoque
626 891 710 938 ubi
734 890 924 936 nomine
950 888 1143 935 Virbius
1168 885 1291 935 effet.

115 977 261 1031 Unde
283 984 426 1030 etiam
451 983 634 1046 templo
659 981 841 1028 Triviae
861 978 1073 1041 lucisque
1104 979 1294 1025 sacratis

116 1077 407 1140 Cornipedes
434 1089 650 1124 arcentur
673 1076 810 1138 equi;
846 1074 976 1137 quod
999 1073 1136 1119 litore
1152 1087 1346 1119 currum

117 1165 424 1229 Etjuvenern
448 1165 667 1211 monstris
685 1164 847 1227 pavidi
865 1163 1072 1211 effudere
1097 1163 1307 1211 marinis.
1333 1164 1430 1226 780

119 1255 265 1304 Filius
286 1256 491 1302 ardentis
508 1255 632 1303 haud
656 1254 802 1303 secius
828 1271 1015 1318 aequore
1039 1254 1200 1319 campi

162 1389 236 1420 773.
260 1382 463 1425 Phoebigenam
480 1382 566 1413 reae
579 1381 646 1423 jam
662 1381 736 1412 inde
753 1380 791 1412 ab
808 1381 907 1413 Aldd.
920 1381 1098 1413 constanter
1108 1381 1227 1413 habent
1238 1381 1311 1413 edd.
1357 1380 1431 1414 Paee

118 1433 248 1474 nigcnam
265 1433 391 1465 Servius
406 1434 439 1464 in
462 1434 517 1464 suo
541 1432 664 1470 habuit,
688 1437 712 1453 “
727 1435 826 1464 matris
845 1442 936 1476 paena
957 1436 1099 1476 genitum.-
1123 1432 1177 1464 alii
1198 1433 1433 1475 Phoebigenam

116 1486 227 1525 legunt,
250 1493 283 1514 ut
301 1484 448 1516 Probus.’'
496 1486 597 1516 Addit
615 1484 746 1515 Sabinus
762 1484 859 1515 etiam
875 1487 1100 1527 Apronianum
1116 1486 1160 1516 ita
1182 1484 1309 1527 legere:
1345 1482 1432 1525 quod

123 1536 244 1573 miror;
270 1546 345 1566 nam
361 1536 394 1567 in
410 1537 554 1567 Mediceo
571 1538 755 1579 Prent'gemzm
769 1536 918 1574 occurrit,
939 1536 1047 1578 inepta
1063 1536 1170 1574 ΙΕᾶιίο,
1190 1543 1265 1566 nata
1277 1547 1313 1566 ex
1324 1544 1433 1564 errore

121 1585 257 1616 calami:
284 1589 500 1629 Phaenigenam,
524 1587 610 1628 quod
625 1587 658 1617 in
686 1586 796 1618 multis
820 1587 874 1618 est.
923 1589 1102 1631 Paeniginam
1118 1589 1213 1619 Rom.
1259 1589 1433 1629 Penigenan:

124 1636 225 1668 Goth.
245 1644 317 1668 tert.
362 1639 568 1680 Phoenigenam
584 1637 715 1668 Mentel.
735 1649 783 1679 pr.
826 1640 1001 1680 Denigneam
1018 1639 1172 1670 Rottend.
1186 1639 1245 1671 sec,
1294 1641 1344 1669 De
1360 1639 1434 1670 AEs-

121 1687 263 1729 culapio,'
285 1687 397 1719 Phoebi
417 1689 457 1726 f.,
479 1700 497 1719 a
514 1693 595 1732 Jove
607 1689 740 1720 fulmine
757 1689 899 1730 percusso
925 1690 1019 1721 obvia
1043 1690 1085 1721 est
1113 1690 1230 1723 fabula.
1277 1690 1366 1721 Tum
1383 1692 1434 1723 de·

129 1740 224 1768 traxit
238 1738 378 1768 Dorvill.
423 1740 464 1769 ad
477 1741 567 1771 undas
585 1741 683 1770 Rom.
698 1739 819 1770 Medic.
840 1740 925 1771 Gud.
944 1751 961 1771 a
978 1752 1027 1775 im.
1055 1752 1102 1782 pr.
1119 1749 1150 1772 et
1167 1741 1223 1779 al„
1244 1742 1341 1772 etiam
1358 1742 1433 1775 edd.

121 1799 173 1829 ap.
190 1788 290 1825 Pier.,
314 1790 422 1830 itaque
438 1798 505 1820 erat
518 1790 767 1831 praeferendum,
789 1798 823 1821 ut
848 1789 903 1821 fibi
924 1792 1102 1822 constarent
1119 1792 1266 1825 editores.
1360 1793 1437 1832 776.

120 1840 161 1870 ibi
179 1839 301 1870 Medic.
317 1850 335 1870 a
346 1850 387 1871 m.
407 1851 456 1882 pr.
472 1842 554 1873 Ven.
571 1851 603 1873 et
619 1842 737 1873 iterum
750 1853 781 1874 ν’,
794 1842 878 1883 sequ.
891 1853 962 1872 cum
976 1843 1095 1874 mamb.
1140 1845 1300 1886 ignorabilis
1315 1846 1437 1878 Medic.

211 1899 284 1929 777.
309 1903 363 1934 que
371 1892 455 1924 deest
465 1893 550 1925 Pier.
564 1893 742 1936 plerisque3
766 1901 861 1935 atque
873 1894 917 1924 ita
931 1895 1021 1925 malit
1032 1895 1163 1927 Pierius,
1211 1897 1330 1928 Verbius
1347 1899 1438 1936 Gud,

120 1948 151 1971 et
168 1941 305 1971 Dorvill.
334 1951 365 1973 v,
380 1942 420 1973 ad
431 1953 463 1974 v.
483 1943 557 1983 762.
652 1943 723 1983 778.
748 1944 866 1975 ‘Triviae
883 1946 982 1988 templo
997 1945 1037 1977 al.
1052 1958 1060 1984 3
1096 1953 1128 1976 et
1155 1945 1194 1977 fic
1220 1948 1342 1979 editum
1359 1958 1435 1983 ante

123 1991 207 2026 Pier.
263 1993 325 2023 luco
352 1993 389 2024 T.
417 1995 574 2038 temp-lisque
603 1995 702 2027 Goth.
730 2002 805 2027 tert.
855 1997 988 2040 sacratas
1012 1997 1150 2028 Dorvill.
1239 2007 1314 2041 779.
1337 2001 1436 2034 littora

122 2045 203 2074 Ven.
219 2042 406 2074 Nlarkland.
421 2045 460 2075 ad
476 2047 555 2076 Stat.
574 2047 586 2076 I
608 2045 685 2075 Silv.
703 2046 743 2082 ΙΙ,
765 2055 804 2084 45
830 2048 913 2087 conj.
963 2049 1047 2079 litora
1074 2051 1175 2079 circum
1196 2051 1261 2081 Heu
1282 2050 1436 2091 juvenem,

121 2093 209 2124 suavi
224 2093 303 2124 lusu.
350 2097 435 2125 Tum
449 2108 501 2137 quo
514 2096 606 2126 littore
617 2095 737 2137 aliquot
750 2097 846 2134 Pier.,
865 2107 1042 2138 perperam.
1136 2100 1206 2138 780.
1223 2104 1337 2144 pavide
1349 2104 1436 2137 Gud.

122 2155 140 2175 a
157 2155 200 2174 m.
220 2154 267 2184 pr.
316 2144 456 2186 {ffundere
487 2147 514 2175 in
543 2148 628 2176 armis
650 2146 755 2177 Dotv.
801 2147 925 2189 egffudere
951 2150 979 2179 in
1008 2149 1120 2180 harenis
1144 2150 1243 2181 Goth.
1270 2160 1344 2184 tert.

126 2194 200 2235 781.
225 2195 423 2238 haudsegnius
439 2206 512 2237 pars
540 2197 635 2235 Pier.,
656 2198 734 2228 item
750 2198 887 2230 Dorvill.
908 2206 938 2229 et
964 2200 1058 2231 Witt.
1079 2211 1096 2230 a
1119 2211 1161 2231 m.
1177 2213 1223 2242 pr.
1243 2213 1316 2234 cum
1333 2205 1436 2238 Goth.

121 2248 211 2282 tert„
235 2254 388 2288 perpetua
402 2245 612 2280 aberratione.
659 2249 730 2280 haut
737 2249 824 2294 setius
837 2250 934 2280 Rom.
950 2261 1009 2293 pro
1021 2262 1110 2282 more
1132 2252 1198 2286 suo,
1225 2265 1256 2284 v.
1279 2255 1320 2287 ad
1346 2258 1433 2292 Geo.

123 2297 163 2334 II,
189 2304 261 2334 277.

124 2406 302 2457 Apollod.
319 2407 392 2453 ΙΙΙ,
428 2422 485 2453 10,
507 2423 545 2458 3,
572 2410 634 2448 ubi
651 2412 744 2450 Not.
810 2413 952 2457 tudine,
979 2415 1123 2466 placide
1157 2417 1249 2454 adeo
1275 2424 1311 2454 et
1339 2426 1436 2457 tran-

124 2472 209 2509 pag.
228 2473 314 2510 701.
357 2461 463 2498 Pind.
496 2461 535 2498 P.
557 2476 594 2510 3,
623 2465 672 2512 96
690 2463 743 2514 sq.
811 2466 942 2514 quille;
972 2467 1060 2504 alias
1089 2469 1227 2519 ignobile
1250 2485 1366 2507 aevum
1384 2471 1436 2508 ef-

125 2525 213 2562 775.
257 2511 396 2562 relegat,
434 2513 545 2563 legat,
585 2516 747 2559 mandat,
813 2516 941 2564 fertur.-
993 2520 1078 2570 778.
1100 2519 1305 2570 Religiosus
1321 2521 1436 2572 igitur

128 2562 256 2606 tradit,
286 2566 530 2601 commendat.
584 2566 664 2603 Alii
695 2582 747 2603 re·
812 2579 887 2606 erat
907 2581 996 2610 mos,
1026 2579 1065 2606 ut
1095 2569 1141 2607 ad
1174 2573 1297 2609 lucum
1326 2586 1436 2611 curru

125 2613 218 2665 legat
248 2615 297 2650 ad
324 2631 448 2660 nemus,
474 2615 657 2667 segregat:
709 2627 748 2654 ut
812 2620 895 2657 vehi
907 2620 1004 2657 nefas
1019 2622 1121 2659 effet:
1141 2623 1269 2660 Cauffa
1282 2622 1327 2660 ab
1339 2624 1437 2675 Hip-

129 2664 270 2715 Georg.
298 2665 369 2710 ΙΙΙ,
407 2680 478 2705 212
503 2680 614 2706 tauros
635 2669 754 2719 procul
813 2671 923 2722 politi
954 2673 1140 2724 quadrigis
1172 2673 1262 2724 rapti
1293 2674 1438 2713 fortuna

127 2726 226 2768 atque
260 2723 295 2754 in
333 2717 409 2766 sola
443 2719 566 2771 relegat
601 2723 747 2771 Pascua.
811 2724 1002 2761 arccffitur.
1037 2726 1256 2774 haudsbciuss
1273 2726 1334 2762 etsl
1351 2727 1437 2778 equi

128 2766 229 2803 Tum
249 2769 417 2820 ignobilis,
443 2770 481 2806 in
520 2772 648 2808 bonai..
669 2785 749 2822 par·
813 2774 925 2811 alueo
936 2776 1332 2826 parentisarcebantur‚
1343 2779 1437 2816 haud

127 2827 214 2862 tem,
242 2829 366 2870 utpote
390 2821 430 2860 in
456 2821 580 2862 seceffu
599 2834 634 2862 et
664 2824 748 2863 soli-
814 2825 932 2869 minus
951 2837 1069 2865 tamen
1082 2827 1177 2866 filius
1188 2841 1248 2867 eos
1261 2829 1439 2880 agitabat.

869 2929 911 2969 H
931 2941 953 2968 z
1363 2886 1441 2935 583
