1847 3313
407 286 816 346 AENEIDos,
873 289 1031 339 ΜΒ.
1081 291 1200 340 ΧΠ.
1366 290 1460 358 639

145 413 374 479 Adcipio,
397 415 728 479 adgnoscoque
749 417 862 464 deos
878 441 892 473 ;
927 435 1021 476 me,
1038 435 1115 466 me
1137 420 1259 467 duce
1277 419 1457 468 ferrum

149 502 414 566 Conripite‚
436 520 466 550 o
487 504 660 563 miseri,
683 522 800 568 quos
823 507 1050 571 inprobus
1074 509 1254 555 advena
1277 507 1404 555 bello

147 591 370 650 Territat‚
393 594 621 642 invalidas
646 607 696 642 ut
718 597 832 654 avis,
855 609 901 644 et
922 598 1061 644 litora
1084 599 1232 646 vestra

145 680 207 727 Vi
228 684 445 746 populat.
480 684 616 732 Petet
632 686 711 732 ille
728 685 907 750 fugam,
922 689 1198 753 penitusque
1215 691 1458 753 profundo

144 770 262 818 Vela
281 772 430 822 dabit.
503 774 600 821 Vos
618 776 830 823 unanimi
852 776 1038 824 densate
1060 791 1269 826 catervas

141 861 208 909 Et
223 878 386 926 regem
405 864 538 911 vobis
562 883 724 929 pugna
740 865 977 914 defendite
1001 882 1209 931 raptum.
1361 871 1450 935 265

142 951 284 999 Dixit
303 966 348 999 et
364 953 579 1001 adversos
601 955 752 1001 telum
777 955 1001 1001 contorsit
1022 957 1070 1002 in
1094 958 1236 1005 hostis

143 1039 454 1088 Procurrens:
488 1041 697 1087 sonitum
719 1041 801 1087 dat
822 1042 1012 1088 stridula
1036 1059 1224 1104 cornus,
1247 1060 1293 1093 et
1322 1065 1452 1096 auras

143 1130 283 1177 Certa
306 1129 446 1176 secat.
512 1129 665 1175 Simul
695 1129 802 1185 hoe,
823 1129 962 1177 fimul
987 1131 1152 1195 ingens
1177 1135 1371 1195 clamor,
1406 1152 1453 1187 et

333 1230 498 1262 omnes

142 1308 345 1357 Turbati
365 1306 519 1364 cunei,
543 1306 862 1370 calefactaque
886 1307 1030 1357 corda
1051 1314 1276 1362 tumultu.

183 1457 259 1490 260.
271 1460 337 1501 stne
360 1469 401 1489 me
423 1458 494 1489 duce
515 1456 605 1489 Goth
628 1464 702 1489 tert.
794 1457 866 1489 261.
889 1469 903 1489 0
929 1459 1034 1490 Rutuli
1061 1460 1133 1494 edd.
1163 1470 1245 1495 vett.
1270 1473 1301 1496 et
1328 1468 1450 1510 vulgg„

138 1510 238 1542 etiam
261 1510 354 1542 codd.
373 1511 517 1553 plerique
541 1510 593 1548 fic,
618 1509 670 1541 vel
693 1523 707 1541 o
724 1511 836 1541 Rutuli.
882 1510 1008 1542 Verum
1036 1524 1050 1542 o
1079 1516 1167 1556 miseri
1180 1518 1319 1558 reposuit
1336 1520 1450 1552 Heins.

140 1572 178 1592 ex
193 1561 384 1593 audioritate
397 1559 547 1596 Romani,
565 1560 688 1592 Medic.
706 1567 739 1591 et
754 1560 903 1597 aliorum,
927 1561 1024 1592 etiam
1040 1563 1171 1595 Donati.
1217 1579 1230 1597 o
1242 1569 1356 1609 famuli
1370 1570 1450 1601 alter

139 1611 426 1644 Hamb.—--—262.
448 1611 606 1649 invalidus,
631 1620 662 1641 ut
677 1622 707 1642 a.
737 1610 797 1642 Ed.
822 1620 871 1652 pr.
892 1611 1005 1642 Burm-
1047 1614 1110 1644 etl.
1136 1616 1225 1657 nestra
1252 1626 1332 1652 vett.
1362 1622 1450 1658 edd.,

139 1662 241 1694 donec
257 1663 290 1694 in
307 1662 384 1694 Ald.
403 1669 481 1693 tert.
504 1662 601 1704 vqstra
617 1661 775 1704 apparuit,
802 1662 888 1702 quod
904 1663 995 1694 codd⁵
1020 1665 1104 1696 Pier.
1125 1674 1157 1697 et
1173 1668 1284 1702 Heius.
1304 1670 1448 1704 firmant.

228 1713 299 1753 263.
324 1716 373 1745 Ne
391 1722 459 1757 pop.
487 1712 632 1744 Parthas.
678 1715 767 1744 Perat
790 1712 870 1743 alter
895 1713 1014 1744 Hamb.

1107 1716 1177 1753 264.
1206 1724 1345 1753 unanimes
1378 1727 1449 1756 Me-

139 1762 201 1794 dic.
220 1771 252 1793 et
269 1763 322 1794 alii
344 1762 472 1804 ingrato
489 1761 576 1793 son0.
623 1765 761 1794 unanimis
786 1763 887 1794 edidit
912 1764 1077 1807 Cuningh.
1121 1768 1225 1810 densete
1252 1772 1347 1805 Rom.
1375 1787 1447 1807 cum

135 1821 228 1853 pzrte
244 1812 368 1844 Heinsri
396 1812 563 1848 librorum,
589 1813 642 1854 qui
660 1821 690 1844 et
707 1821 881 1855 receperat,
901 1821 1069 1856 tamquam
1091 1818 1273 1859 exquisitius
1298 1825 1444 1858 verbum,

136 1863 333 1896 Defenderat
357 1875 482 1906 quoque
510 1864 588 1894 olim
609 1864 782 1896 Briffonius
808 1866 892 1906 apud
920 1865 1096 1898 Guellium.
1141 1871 1202 1901 Sed
1226 1872 1294 1912 jam
1328 1878 1448 1910 Pierius

136 1924 317 1954 monuerat,
342 1916 452 1960 densare
479 1915 538 1947 else
562 1915 767 1947 numerosius.
813 1916 914 1948 Reae
942 1917 1049 1958 itaque
1076 1922 1237 1953 revocavit
1254 1923 1312 1956 hoc
1330 1927 1441 1963 Bur-m,

136 1967 257 1998 Firmat
277 1977 403 2009 quoque
422 1967 542 1998 Medic.
566 1977 639 1998 cum
655 1967 735 1998 aliis.
829 1967 899 2007 265.
924 1969 998 2000 mbis
1021 1970 1077 2002 Ed.
1096 1982 1144 2012 pr.
1166 1973 1274 2007 Burni,
1369 1981 1442 2014 266„

134 2018 272 2060 adversus
288 2016 382 2048 Leid.
400 2024 431 2047 et
448 2017 532 2058 ch.
580 2017 719 2059 telumque
734 2019 837 2058 intorsit
859 2018 916 2048 sec.
937 2019 1077 2051 Mcnzci.
1126 2021 1237 2061 csnjecit
1253 2025 1373 2067 aliquot
1390 2042 1442 2072 ap,

135 2069 223 2101 Pier.
313 2068 387 2106 267.
411 2069 597 2098 Praecurrens
613 2067 704 2097 Leid.
723 2074 755 2097 et
774 2069 848 2099 Exc.
865 2069 976 2099 Burm.
1019 2070 1190 2102 Parca-mm
1210 2075 1337 2108 Zulich.
1366 2090 1381 2110 a
1395 2092 1442 2115 m,

134 2130 184 2162 pr.
229 2121 393 2150 Protsrrm
412 2117 574 2149 Montalb.
605 2127 631 2148 et
653 2118 720 2149 tiras
748 2118 886 2151 Dorvill.
910 2130 928 2150 a
958 2129 1003 2150 m.
1029 2130 1075 2161 pr.
1166 2123 1237 2155 268.
1263 2128 1358 2159 Simul
1381 2134 1445 2164 [περ

134 2172 218 2202 Ven.
266 2170 359 2201 Simul
381 2170 430 2200 hcc
453 2171 546 2212 ingens
570 2178 597 2200 et
623 2169 726 2200 clamor
750 2169 893 2209 Zulich„
913 2171 997 2202 unde
1023 2171 1130 2204 Heius.
1163 2175 1243 2217 conj.
1274 2180 1296 2209 it
1326 2181 1441 2215 clamor·

132 2221 168 2253 in
185 2221 317 2252 Oudart.
336 2220 444 2250 aberat
460 2220 553 2251 Simul
566 2221 624 2251 hoc.

132 2298 254 2344 otiofi,
278 2297 398 2348 palliis
426 2299 480 2336 vel
499 2299 592 2349 togis
611 2300 753 2338 involu-
817 2301 961 2352 accipio
989 2317 1106 2342 omen.
1173 2304 1295 2345 Facile
1321 2320 1441 2350 autem

133 2362 187 2390 tas
208 2349 398 2388 habebant.
455 2352 597 2388 Servius
627 2366 672 2389 eo
701 2366 753 2389 re·
817 2354 934 2398 vides,
974 2355 1215 2394 Tolumnium
1249 2361 1442 2410 augurium

133 2404 216 2448 fert,
230 2412 268 2440 ut
282 2401 457 2438 dimicare
468 2402 501 2439 se
513 2403 603 2439 velle
622 2403 754 2453 signifi·
817 2403 856 2441 in
873 2417 955 2442 eum
985 2405 1120 2444 sensum
1142 2409 1383 2460 interpretari,
1402 2425 1442 2451 ut

131 2466 240 2493 cent:
268 2453 390 2490 Cerda
414 2467 499 2490 cum
523 2454 689 2498 Gufflio,
718 2465 756 2492 ut
819 2457 979 2505 aquilam
1016 2458 1062 2495 de
1106 2461 1236 2504 Ainea,
1281 2474 1440 2514 cygnum

131 2519 258 2544 manus
296 2505 343 2541 ad
386 2506 515 2543 caelum
564 2507 755 2544 extollant.
819 2508 865 2544 de
901 2508 1048 2552 Turno,
1091 2510 1281 2560 acccipiat.
1350 2520 1439 2554 268.

133 2556 293 2595 Videtur
343 2557 516 2594 naturalis
564 2557 752 2595 hominum
821 2559 949 2605 Certa3
979 2560 1128 2599 direfto.
1181 2563 1292 2599 Simul
1303 2564 1373 2608 hoc,
1386 2570 1439 2616 st,

131 2620 265 2651 motus,
294 2607 358 2657 qui
381 2607 504 2658 sponte
531 2608 585 2654 fit,
615 2621 696 2646 cum
717 2622 754 2646 re
818 2610 902 2651 mul,
930 2611 1046 2648 variat
1070 2612 1126 2657 id,
1151 2614 1249 2662 quod
1278 2615 1365 2654 alias
1391 2620 1439 2656 est

131 2660 320 2710 inopinata
339 2659 564 2697 vehementer
588 2661 753 2710 percelli·
802 2662 914 2710 fimul
941 2663 1123 2714 fimulque‚
1167 2666 1245 2710 ἅμα
1285 2683 1322 2704 τι
1365 2671 1438 2707 κριὲ.

131 2724 227 2754 mur,
257 2720 296 2747 ut
323 2709 370 2746 ad
395 2712 569 2761 agendam
590 2722 624 2748 et
645 2711 753 2749 susci·
817 2713 916 2762 Saepe
938 2714 1013 2762 jam
1046 2714 1216 2755 vidimus.
1254 2717 1302 2754 cf.
1335 2721 1437 2759 Serv.

129 2762 300 2813 piendam
320 2773 393 2799 rem
422 2775 486 2798 nos
505 2762 751 2812 accingamus,
818 2765 907 2813 269.
935 2779 1043 2802 cuneos
1060 2777 1182 2803 ornate
1202 2781 1266 2816 pro
1285 2771 1438 2809 consessu

129 2813 299 2865 exprimi.
364 2813 451 2852 260.
481 2827 547 2864 pro
579 2815 748 2866 vulgato:
815 2824 851 2853 et
867 2814 1041 2855 consess‘us
1061 2817 1252 2857 ordinibus
1270 2821 1376 2858 dixit.

1349 2887 1438 2924 zyo.
