1847 3313
440 274 559 332 Ao
616 283 986 332 LIBRUM
1039 282 1156 330 ΧΠ,
1375 292 1464 345 723

167 411 265 470 sqq„
301 424 338 458 et
367 420 443 471 ipse
474 419 608 457 AEneas
638 419 743 456 Iliad.
773 436 800 462 ε,
831 421 916 469 318.
949 431 1034 469 344.
1091 418 1319 454 ornamenta
1343 424 1468 452 autem

168 478 282 515 Maro
312 480 531 530 conquisivit
567 478 755 527 ingeniose
780 491 823 515 ac
852 478 1064 527 diligenter.
1131 475 1318 512 Amafium
1352 474 1470 511 edidit

171 538 356 587 Apollinis
389 539 565 589 lapidcmt
621 537 764 574 Amatis
796 537 893 574 enim
926 549 945 572 a
976 536 1008 572 se
1037 534 1157 584 pueris
1176 545 1212 572 et
1231 534 1360 585 puellis
1391 533 1470 569 suas

170 605 267 635 artes
287 599 379 649 saepe
398 610 461 636 aut
480 596 697 648 promittunt
718 607 778 633 aut
798 597 1006 646 largiuntur
1024 596 1077 633 dii
1096 595 1195 646 apud
1216 597 1368 645 poetam
1396 606 1470 631 non

169 656 317 696 insuave
333 659 565 710 figmentum,
585 657 727 707 quoties
743 657 920 693 excellere
940 655 1097 705 aliquem
1114 655 1150 692 in
1171 664 1248 692 arte
1269 654 1327 690 sua
1346 654 1471 691 dicere

169 718 299 756 volunt
335 722 481 768 poetae3
517 728 584 766 pro
605 728 678 765 quo
697 714 774 751 aliis
802 713 890 751 locis
923 713 1142 750 contendisse
1176 726 1258 750 eum
1287 727 1369 750 cum
1399 712 1472 750 deo

170 777 296 815 dicere
327 777 453 815 solent.
510 774 603 812 Ill-id
626 787 713 811 vero
733 774 903 822 praeclare
925 773 1073 814 fretum,
1104 773 1218 822 quod,
1251 785 1335 810 cum
1355 773 1473 810 cauffa

170 837 333 887 optionis
352 838 437 874 effet
455 834 707 876 memoranda,
727 847 793 870 cur
811 834 911 883 Iapis
931 844 1047 870 artem
1065 834 1247 871 medicam
1266 833 1475 884 praetuliffet

171 898 312 935 artibus
344 895 567 948 augurandi,
606 894 748 932 cithara
784 893 938 930 canendi
965 904 1002 930 et
1033 894 1235 942 jaculandi,
1264 894 1310 931 ab
1343 895 1473 932 affeetu

172 957 321 1008 pietatis
341 970 419 994 eam
437 956 545 1005 petiit
577 956 714 1005 poeta:
761 965 797 991 ut
829 955 962 1005 depositi
987 958 1159 1004 prqfi'rret
1179 958 1273 1004 fata
1298 959 1473 1004 parentis.

171 1017 234 1055 De
261 1020 361 1054 mutis
380 1016 513 1053 artibus
539 1025 574 1052 et
600 1017 780 1056 medicina,
809 1025 901 1050 muta
919 1025 1012 1054 arte,
1039 1014 1154 1050 multa
1169 1013 1348 1062 disputata
1366 1015 1474 1059 sunt}

171 1076 345 1127 pleraque
364 1085 496 1126 argute
516 1073 635 1125 magis
654 1086 764 1122 quam
781 1086 880 1109 vere.
934 1073 1034 1110 Nam
1051 1072 1227 1109 filcntium
1246 1074 1477 1112 medicorum

171 1150 220 1174 ex
234 1135 474 1185 jurejurando
492 1132 734 1185 Hippocratis
754 1133 811 1169 vel
831 1145 877 1169 ex
896 1131 1014 1181 adytis
1031 1131 1296 1181 AEgypticrum
1316 1134 1475 1171 alienum

172 1196 340 1247 profe&0
364 1210 385 1233 a
414 1197 522 1244 pee‘ta
538 1195 598 1231 est.
653 1194 744 1230 Erat
765 1192 888 1229 saltem
910 1205 1020 1229 unum
1045 1191 1134 1228 illud
1154 1205 1199 1229 ex
1219 1192 1403 1231 Servianis
1421 1204 1477 1232 te-

173 1256 358 1294 nendum:
388 1267 482 1293 arses
511 1266 621 1292 mutas
648 1254 715 1290 effe
743 1253 885 1289 muficae
903 1253 1206 1302 comparatione:
1235 1267 1309 1291 non
1333 1255 1478 1293 vocales

173 1326 213 1354 et
230 1329 398 1354 canoras.
453 1315 565 1366 QOd
585 1314 754 1364 sequutus
782 1325 929 1363 quoque
948 1313 996 1349 est
1026 1322 1063 1350 et
1093 1312 1283 1351 illustravit
1302 1314 1478 1354 Gronov.

173 1376 221 1413 ad
243 1376 351 1413 Statii
370 1376 494 1413 Theb.
514 1376 587 1418 IV,
610 1378 679 1424 183
697 1389 708 1418 ;
738 1386 853 1423 neque
873 1372 1070 1422 quicquam
1099 1373 1162 1415 est,
1193 1374 1289 1424 quod
1319 1388 1402 1413 curn
1421 1377 1478 1415 lo-

175 1435 314 1486 quendi
344 1435 404 1472 usu
425 1434 543 1485 magis
562 1433 772 1472 conveniat.
827 1432 1006 1469 Defidero
1033 1442 1156 1469 tamen
1175 1433 1259 1475 hoc,
1296 1435 1393 1483 quod
1430 1436 1478 1474 fic

175 1507 277 1534 mutae
295 1507 388 1533 artes
417 1505 556 1532 tantum
577 1494 639 1532 uni
659 1507 704 1531 ex
722 1493 839 1530 tribus
860 1493 1012 1536 artibu3‚
1047 1502 1135 1543 quas
1151 1496 1342 1532 contemsit
1362 1496 1479 1546 Iapis,

176 1555 413 1606 respondent,
446 1554 585 1592 scilicet
620 1553 778 1590 muficae.
832 1551 1031 1600 Adjeetum
1063 1552 1153 1589 illud
1179 1553 1341 1603 inglorius
1372 1556 1480 1594 vide·

176 1618 285 1656 batur
312 1616 403 1654 mihi
434 1616 556 1668 potius
587 1614 776 1652 notionem
815 1619 859 1650 re}
898 1625 1007 1651 mutus
1036 1613 1265 1657 constituere,
1309 1626 1346 1653 ut
1377 1629 1482 1655 mutae

175 1690 269 1716 artes
288 1676 438 1715 sollenni
459 1675 576 1725 figura
595 1687 667 1711 non
684 1673 764 1715 fint,
784 1686 864 1723 quae
892 1672 1007 1715 filent,
1040 1672 1098 1710 sed
1125 1687 1207 1723 quae
1233 1674 1392 1719 silentur,
1421 1676 1481 1714 vel

177 1739 335 1780 faciunt,
363 1746 402 1774 ut
415 1736 456 1778 ii,
485 1735 546 1785 qui
563 1747 622 1771 eas
637 1734 775 1775 colunt,
794 1733 988 1770 sileantur:
1018 1746 1075 1770 ars
1095 1734 1230 1770 nullam
1257 1735 1393 1773 famam
1413 1737 1482 1774 da-

178 1806 275 1842 tura,
302 1798 348 1835 de
375 1810 448 1848 qua
474 1795 626 1833 silebunt
652 1793 817 1831 homines
840 1806 849 1829 :
877 1791 1044 1842 inprimis
1063 1807 1109 1831 ex
1128 1793 1241 1837 istius,
1275 1809 1350 1846 quo
1369 1800 1482 1847 poe'ta

177 1859 345 1900 vivebat,
378 1855 498 1894 saeculi
532 1855 721 1906 opinione,
758 1866 844 1890 cum
872 1853 1093 1891 medicinam
1126 1865 1267 1892 tantum
1295 1856 1386 1893 servi
1421 1859 1482 1895 vel

177 1919 303 1959 liberti
317 1931 360 1956 ac
375 1917 503 1955 Graeci
518 1924 736 1954 exercerent
754 1929 764 1958 ;
784 1927 869 1951 cum
884 1924 1012 1951 contra
1026 1914 1278 1954 celebritatem
1291 1928 1327 1954 et
1343 1918 1482 1957 famam

179 1980 276 2019 inter
310 1976 476 2015 homines
507 1976 645 2014 daturae
683 1973 827 2011 fuissent
859 1984 956 2011 artes
981 1975 1202 2025 augurandi,
1237 1975 1425 2025 jaculandi
1445 1989 1484 2018 et

179 2042 322 2079 cithara
357 2037 528 2078 canendi.
596 2035 699 2086 Qid
728 2035 828 2072 enim
856 2033 894 2072 in
927 2035 1077 2073 heroum
1113 2036 1190 2073 vita
1220 2037 1390 2078 illustrius
1426 2041 1484 2079 his

180 2101 345 2139 artibus?
393 2099 509 2136 Porro
528 2095 719 2146 antiquum
739 2107 879 2131 morem
898 2096 1009 2144 poeta
1028 2096 1152 2133 retulit
1177 2095 1214 2133 in
1235 2099 1369 2137 amictu
1391 2115 1399 2138 :
1427 2115 1484 2138 re-

180 2171 268 2200 torto
288 2163 469 2204 ficccinffus
487 2161 611 2194 amiffu
628 2171 640 2192 .·
670 2153 806 2192 medici
825 2154 922 2191 enim
939 2155 1017 2192 fere
1031 2155 1190 2206 palliati,
1211 2157 1323 2195 etiam
1337 2161 1484 2202 Romae,

182 2218 478 2269 quandoquidem
500 2215 626 2253 Graeci
648 2216 723 2252 fere
739 2226 842 2250 erant
858 2227 1007 2264 genere.
1062 2215 1207 2253 Obvius
1228 2231 1373 2268 quoque
1386 2219 1485 2256 idem

180 2277 384 2328 AEsculapii
401 2277 547 2315 habitus
566 2276 602 2313 in
626 2286 792 2313 veterum
820 2273 930 2325 {ignis
949 2285 986 2312 et
1014 2276 1143 2313 numis.
1201 2278 1311 2327 Qod
1331 2279 1485 2328 pal'ium

181 2350 370 2388 retorquet
389 2347 426 2374 et
439 2336 634 2386 succingit,
650 2334 897 2385 chirurgicam
913 2347 1062 2384 operam
1079 2347 1115 2372 et
1128 2336 1242 2387 ipsum
1258 2338 1395 2389 arguit,
1412 2352 1485 2377 non

182 2398 365 2437 medicam
381 2412 391 2442 ;
419 2397 483 2434 etfi
502 2395 669 2433 omnibus
689 2395 836 2432 omnino
851 2394 949 2432 idem
968 2406 1046 2434 erat
1063 2397 1286 2442 faciendum,
1306 2399 1370 2450 qui
1389 2400 1422 2437 se
1436 2399 1486 2438 ad

182 2458 418 2499 ministerium
439 2458 498 2494 vel
517 2469 607 2506 opus
626 2455 883 2505 accingebant.

237 2516 468 2568 Inge1=icsum
484 2515 627 2565 prorsus
643 2516 690 2551 est
705 2523 954 2551 commentum
967 2513 1012 2550 de
1025 2515 1206 2559 dz'ffamm,
1222 2518 1324 2566 cujus
1338 2518 1486 2560 succum

182 2589 265 2617 cum
282 2576 460 2614 ambrosia
479 2586 513 2611 et
533 2587 694 2625 panacea
711 2575 805 2612 clam
834 2573 1008 2612 ad'niscet
1027 2575 1152 2612 Venus
1171 2588 1287 2626 aquae,
1314 2591 1386 2628 qua
1404 2583 1487 2619 vul„

183 2651 250 2677 nus
269 2637 394 2674 AEneae
413 2635 572 2672 fovetur.
630 2633 820 2670 Substituit
836 2634 914 2681 pc&
927 2647 945 2668 η
966 2633 1190 2671 ἀίἂεπιῃιιῐη
1224 2640 1267 2686 τῇ
1285 2642 1392 2687 τικςρῖ
1415 2640 1488 2691 ῥῖζῃ

186 2697 284 2748 apud
298 2695 503 2732 Homerum
525 2692 628 2730 iliad.
648 2704 686 2734 λ,
719 2696 808 2742 845,
836 2705 907 2741 qua
937 2692 1126 2729 Patroclus
1148 2694 1328 2744 Eurypyli
1347 2698 1489 2736 vulneri

187 2757 367 2800 medetur,
394 2766 578 2807 quamque
608 2758 821 2805 gentianam,
857 2752 944 2788 olim
978 2751 1198 2791 Chironium
1233 2754 1383 2799 dictam,
1418 2759 1489 2796 effe

857 2811 890 2848 Ζ
914 2824 934 2848 2
964 2824 984 2847 2
1364 2815 1491 2856 docuit
