1847 3313
402 274 805 331 AEussiuos„
858 271 1008 320 [ΑΒ.
1067 270 1134 318 X.
1344 287 1435 336 395

123 412 249 477 Qae
272 409 443 472 cuique
457 409 523 456 est
547 407 737 453 fortuna
757 403 916 461 hodie,
939 418 1083 465 quam
1099 400 1299 467 quisque
1319 399 1441 449 secat

321 503 469 566 spem,

125 597 252 644 Tros
277 590 540 640 Rutulusve
565 587 683 645 fuat,
706 588 838 633 nullo
861 585 1137 633 discrimine
1159 583 1375 630 habebo:

124 687 213 733 Seu
239 683 345 731 fatis
370 681 546 728 Italum
571 679 717 726 castra
740 676 985 723 obsidione
1008 689 1244 732 tenentur,
1352 690 1439 738 109

171 823 245 855 107.
282 815 473 859 Qaecunque
510 812 633 854 aliquot
664 811 746 844 Pier.
799 819 871 841 tenet
893 809 971 854 spem
995 809 1136 841 Dorvill.
1191 810 1253 841 Hic
1279 810 1378 841 velim
1403 809 1444 840 ab

129 866 262 898 Heinsio
286 874 317 897 et
333 866 517 896 Burmanno
535 863 712 906 appositum
726 861 798 899 esse,
813 873 876 903 quo
893 862 979 892 sensu
998 862 1052 893 illa
1074 872 1083 893 ι
1124 874 1209 904 quam
1234 862 1348 905 quisque
1368 862 1448 905 ficut

119 919 214 959 spem,
238 916 427 958 acceperint.
472 915 600 946 Servius
614 914 768 956 exponit:
798 913 952 955 sequitur,
976 921 1075 950 tenet,
1094 913 1212 944 habet:
1238 922 1273 943 ut
1293 914 1346 949 VI,
1375 923 1441 954 900

123 968 178 998 Ille
192 967 358 1010 viamsecat
373 966 414 997 ad
428 977 527 997 naves.
572 965 633 996 Sed
646 966 834 1004 viamsecare
850 964 945 1006 longe
963 963 1049 994 aliud
1067 963 1122 995 est.
1172 963 1203 993 Si
1217 966 1317 1004 poeta
1332 964 1444 994 archa-

124 1019 240 1051 ismum
267 1018 402 1049 sectatus
428 1017 499 1057 secit
519 1016 693 1059 scripsisset,
717 1015 818 1058 poffet
845 991 925 1046 effeo
933 1015 1067 1056 antiqua
1090 1025 1153 1045 vox
1166 1015 1240 1058 seco,
1258 1014 1331 1057 sece
1323 1026 1363 1053 r‚e
1384 1026 1444 1057 pro

116 1069 215 1113 sequo‚
239 1082 296 1106 ere,
323 1069 407 1100 unde
424 1068 529 1113 sequor
552 1067 677 1098 mansit.
723 1066 894 1097 Turnebus
922 1067 1110 1108 exposuerat
1132 1067 1207 1110 sumi
1209 1075 1242 1097 t.-
1272 1077 1360 1103 nmu,
1390 1070 1445 1107 qui

118 1121 246 1163 aliquid
257 1121 353 1158 secat,
369 1119 425 1151 sibi
441 1128 567 1161 partem
583 1118 688 1150 sumit.
737 1117 879 1159 Scaliger
890 1124 922 1149 et
937 1118 994 1149 Cei
993 1118 1054 1156 da,
1085 1126 1137 1160 ape
1140 1129 1164 1148 r·
1160 1117 1244 1159 tsbz
1253 1117 1327 1160 spem
1340 1119 1449 1160 faHis,

126 1178 175 1209 ut,
190 1172 245 1213 qui
266 1171 352 1202 viam
371 1171 464 1207 secat,
489 1170 602 1212 aperit.
647 1169 708 1200 Sed
724 1168 784 1199 hoc
801 1168 919 1200 durum
941 1177 972 1199 et
994 1169 1091 1210 longe
1108 1167 1247 1210 petitum
1263 1167 1316 1198 est.
1362 1169 1418 1211 Spe
1407 1180 1445 1200 m

127 1223 247 1254 incidere
269 1230 302 1254 et
328 1233 365 1253 ex
382 1221 521 1252 Horatio
538 1222 617 1264 spem
631 1221 741 1263 longam
758 1220 879 1264 resecare
902 1220 1063 1251 rationem
1073 1227 1195 1250 certam
1206 1218 1358 1259 loquendi
1374 1219 1448 1249 iacis

126 1274 281 1317 produnt,
308 1283 379 1314 quae
400 1272 530 1314 quidem
542 1273 586 1303 ita
600 1271 679 1302 fert:
711 1278 760 1309 ut,
773 1271 966 1316 spemsecare,
988 1270 1048 1302 sit:
1073 1270 1225 1307 incidere,
1243 1269 1448 1312 intercipere,

128 1325 227 1367 spem.
321 1324 397 1355 108.
424 1324 581 1367 Rutulusne
596 1323 718 1364 aliquot
734 1322 819 1355 Pier.
847 1333 920 1353 cum
946 1324 1064 1360 Rom.;
1087 1330 1157 1352 tum
1177 1321 1300 1352 Medic.
1317 1329 1348 1352 et
1368 1333 1386 1352 a
1403 1333 1449 1352 m.

128 1377 191 1418 sec.
218 1382 295 1407 tert.
322 1375 478 1406 Rottend.
526 1375 589 1405 luat
606 1373 746 1404 Mentel.
771 1383 819 1415 pr.
848 1380 880 1404 et
901 1372 1046 1403 Pan-has.
1089 1380 1159 1402 ruat
1181 1372 1341 1403 Montalb.
1367 1385 1443 1404 cum

130 1427 231 1458 Goth.
246 1421 323 1459 tert.
363 1427 426 1469 flat
443 1425 566 1457 Medic.
590 1433 620 1456 et
639 1425 769 1455 Zulich.
784 1435 802 1455 a
818 1435 860 1455 m.
879 1435 928 1466 pr.
968 1424 1028 1455 Sed
1049 1423 1122 1454 satis
1147 1423 1268 1454 constat
1283 1425 1362 1466 fuat
1385 1426 1445 1457 esse

127 1489 256 1515 vemm,
273 1488 310 1508 ex
327 1477 459 1517 antiquo
474 1476 543 1519 suo,
559 1476 660 1518 fuere,
682 1476 765 1506 unde
779 1476 891 1507 mansit
909 1478 974 1519 fui.
1021 1475 1122 1506 habeto
1136 1474 1223 1508 Voss.
1251 1475 1309 1508 sec.
1336 1484 1368 1508 et
1385 1478 1447 1510 sec.

130 1527 492 1568 Hamb„11ndeHeins.
519 1527 602 1569 conj.
630 1527 757 1559 habetor.
791 1526 843 1561 Cf.
863 1528 954 1559 Iliad.
970 1528 1006 1566 3,
1029 1534 1105 1568 419.
1129 1535 1206 1565 430.

129 1618 248 1668 postea
263 1614 450 1653 sententias
463 1613 625 1651 dicere.'’
646 1613 749 1652 Serv.

129 1669 233 1708 conf.
263 1668 355 1704 Var.
389 1667 489 1703 Lech
519 1665 596 1715 sup.
634 1666 680 1702 ad
700 1665 750 1703 vs.

138 1718 491 1775 18.107.Qam
511 1726 661 1773 utraque
676 1729 754 1766 pars

131 1772 317 1810 fortunam
372 1769 481 1807 hodie
532 1767 755 1818 experietur,

134 1836 243 1880 quam
276 1822 372 1874 spem
404 1832 614 1871 magnarum
636 1832 753 1857 rerum

133 1873 386 1932 praediE‘mrum
421 1881 457 1909 et
464 1851 755 1927 bexpeetatarum

135 1925 298 1963 alterutri
310 1924 376 1962 fibi
389 1922 589 1980 praecident
596 1924 684 1972 (qua
697 1922 756 1972 spe

135 1977 345 2025 excident),
359 1975 417 2012 seu
437 1975 474 2011 Γ
477 1987 593 2024 rojam
605 1974 664 2010 seu
681 1974 757 2010 Ru-

137 2028 222 2073 tuli,
251 2030 357 2078 juxta
375 2036 411 2064 et
429 2026 559 2062 eodem
588 2027 674 2062 loco
693 2026 756 2061 ha-

136 2079 256 2117 bebo:
277 2079 346 2116 five
367 2078 483 2128 (quod
495 2077 619 2114 Venus
636 2081 753 2127 putat)

137 2130 224 2168 fatis
251 2130 323 2168 suis
353 2129 505 2178 iniquis,
536 2128 606 2165 five
640 2129 756 2178 (quod

137 2182 236 2231 Juno
253 2196 288 2219 v.
309 2182 374 2228 68)
402 2179 549 2217 stultitia
575 2179 758 2227 Trojano-

139 2246 218 2273 rum
251 2242 288 2270 et
304 2230 486 2269 vaticiniis
511 2231 603 2267 falsis
627 2243 673 2267 eo
704 2243 758 2267 res

139 2285 293 2322 adduda
306 2285 366 2325 est,
379 2293 416 2320 ut
428 2282 645 2332 novaTroja
661 2295 757 2319 nune

142 2347 383 2386 oppugnetur.
438 2335 520 2372 Nec
533 2333 688 2370 Rutulos
700 2334 758 2370 seu

137 2387 289 2424 Latinos
317 2401 337 2423 a
356 2387 437 2423 fatis
467 2385 759 2434 impendentibus

136 2439 269 2483 libero,
283 2451 355 2474 non
374 2437 574 2479 intercedo,
598 2449 670 2485 quo
690 2435 759 2473 mi-

138 2504 205 2527 nus
217 2490 397 2527 fortumm
417 2488 482 2525 fibi
494 2487 654 2524 debitam
669 2501 758 2525 con-

139 2541 342 2591 sequantur.
383 2539 596 2590 Experiatur
610 2549 760 2588 utraque

139 2606 220 2649 pars
236 2592 295 2628 seu
311 2592 421 2628 tristia
437 2592 493 2628 seu
512 2591 592 2626 laeta
609 2604 674 2641 pro
692 2595 757 2627 ho-

140 2643 276 2680 diernis
301 2655 417 2680 rerum
451 2641 568 2679 initiis
598 2652 634 2679 et
663 2643 757 2679 affiiu.

141 2694 223 2745 Ego
239 2694 371 2731 neutris
387 2693 556 2731 studebo:
576 2693 759 2738 evenient,

140 2759 223 2796 quae
250 2745 323 2782 fata
340 2745 467 2784 ferent.
519 2745 626 2789 Haec,
661 2744 758 2782 arbi-

141 2806 234 2841 tror,
270 2796 440 2834 sententia
457 2797 576 2834 verbis
603 2796 760 2847 subjecta

139 2848 207 2900 fist:
256 2861 341 2901 107.
379 2852 448 2889 108
479 2864 580 2900 quam
615 2851 760 2901 qulsqm',

823 1612 907 1652 Tros
925 1614 1116 1664 Rutulusve
1127 1618 1257 1665 fuerit,
1281 1617 1378 1663 spem
1389 1617 1449 1664 st’·

824 1676 892 1704 cat.
948 1665 1112 1702 Obscura
1130 1675 1166 1703 et
1196 1665 1366 1714 ambigua
1398 1667 1447 1704 est

827 1717 929 1754 notio
946 1716 1222 1765 vocabulifi’cczt
1235 1732 1248 1754 :
1267 1717 1342 1754 vid.
1355 1717 1447 1754 Var.

826 1768 944 1813 [ρᾶς
967 1770 1077 1819 potest
1096 1779 1261 1820 praeterea
1274 1768 1449 1806 sententia

825 1820 965 1871 duplici
982 1821 1091 1857 modo
1109 1820 1294 1864 constitui,
1326 1831 1388 1857 aut
1407 1832 1447 1858 ut

826 1873 868 1910 fit
882 1871 1114 1922 explicativa‚
1129 1881 1169 1908 ut
1185 1881 1375 1921 utrumque
1384 1873 1447 1909 he-

828 1923 1049 1961 mistichium
1060 1924 1215 1960 eundem
1233 1922 1372 1960 sensum
1385 1924 1449 1960 ha-

827 1975 944 2013 beat:
979 1991 1054 2026 qllae
1083 1990 1195 2026 Clllqlle
1226 1976 1270 2024 <st
1285 1979 1449 2025 firtIHlH,

828 2042 926 2077 quam
940 2030 1127 2078 qugsquefi
1124 2029 1299 2077 wtspam:
1328 2036 1390 2062 aut
1408 2039 1449 2064 ut

827 2080 938 2115 altera
986 2091 1065 2127 pars
1107 2078 1150 2115 fit
1201 2077 1446 2115 adversativae

828 2143 936 2179 quam
971 2130 1138 2167 alteruter
1171 2129 1354 2166 fortunam
1387 2142 1449 2167 aut

829 2180 954 2224 habet,
973 2191 1034 2218 aut
1063 2181 1127 2218 fibi
1143 2181 1216 2231 ipse
1229 2180 1394 2231 praecidit
1412 2192 1450 2219 et

828 2232 970 2270 evertit.
1026 2233 1192 2269 Alterum
1223 2233 1295 2270 hoc
1326 2234 1446 2271 malo:

830 2283 877 2320 fic
890 2287 1005 2334 secare
1025 2284 1072 2321 est
1091 2284 1265 2327 incidere,
1301 2283 1449 2321 interci-

828 2348 925 2385 pere,
961 2335 1088 2386 spem:
1119 2346 1159 2372 ut
1186 2336 1281 2386 apud
1312 2335 1448 2373 Horu.

816 2390 913 2436 spem
931 2389 1084 2432 incidere,
1105 2391 1199 2437 spem
1220 2387 1351 2438 longam
1369 2392 1449 2437 rese—

828 2454 917 2475 care.
961 2438 1005 2479 Iu
1023 2438 1091 2476 hoc
1103 2439 1224 2476 saltem
1242 2439 1368 2485 analo?
1354 2438 1449 2485 iam

829 2489 954 2533 habes,
980 2503 1087 2539 quam
1106 2489 1139 2526 Γ
1142 2503 1263 2539 quare.
1318 2490 1447 2539 Respi-

829 2540 931 2578 ciunt
948 2551 1066 2581 autem
1086 2541 1161 2578 haec
1185 2542 1230 2578 ad
1248 2541 1343 2592 spem
1370 2540 1449 2577 Ve-

830 2591 925 2629 neris
943 2593 988 2629 de
1017 2592 1142 2629 futuro
1175 2593 1247 2628 Iuli
1274 2593 1313 2629 in
1338 2592 1448 2630 Italia

830 2656 956 2694 regno,
974 2657 1082 2693 quam
1098 2643 1214 2680 incidi
1232 2653 1268 2680 et
1285 2643 1448 2681 interimi

830 2696 962 2732 necesse
985 2705 1076 2740 erat,
1096 2695 1118 2732 fi
1143 2695 1253 2732 castra
1276 2709 1296 2732 a
1315 2695 1447 2732 Turno

830 2746 1140 2797 expugnabantur.
1152 2745 1202 2784 cf.
1219 2747 1295 2798 sup.
1307 2759 1371 2795 42.
1387 2760 1450 2798 50.

888 2811 973 2849 ¹09·
1006 2811 1090 2835 110.
1118 2797 1242 2848 Jungo
1266 2801 1375 2849 castra
1401 2809 1450 2835 te-

830 2859 955 2894 nentur
970 2848 1125 2900 offdione
1151 2849 1316 2889 Italorum
1332 2864 1346 2888 .·
1391 2849 1450 2888 seu

1338 2905 1451 2954 salis,
