<?xml version="1.0" encoding="UTF-8"?>
<!DOCTYPE html PUBLIC "-//W3C//DTD XHTML 1.0 Transitional//EN"
    "http://www.w3.org/TR/xhtml1/DTD/xhtml1-transitional.dtd">
<html xmlns="http://www.w3.org/1999/xhtml" xml:lang="en" lang="en">
 <head>
  <title>
</title>
<meta http-equiv="Content-Type" content="text/html;charset=utf-8" />
  <meta name='ocr-system' content='tesseract 3.04.00' />
  <meta name='ocr-capabilities' content='ocr_page ocr_carea ocr_par ocr_line ocrx_word'/>
</head>
<body>
  <div class='ocr_page' id='page_1' title='image "./operavarietatele03virguoft/operavarietatele03virguoft_0024.png"; bbox 0 0 1847 3313; ppageno 0'>
   <div class='ocr_carea' id='block_1_1' title="bbox 390 268 1600 325">
    <p class='ocr_par' dir='ltr' id='par_1_1' title="bbox 390 268 1600 325">
     <span class='ocr_line' id='line_1_1' title="bbox 390 268 1600 325; baseline -0.005 -2"><span class='ocrx_word' id='word_1_1' title='bbox 390 290 449 323; x_wconf 88' lang='lat'>10</span> <span class='ocrx_word' id='word_1_2' title='bbox 526 270 891 323; x_wconf 87' lang='lat' dir='ltr'><strong>PRAEFATIO</strong></span> <span class='ocrx_word' id='word_1_3' title='bbox 926 268 1195 318; x_wconf 88' lang='lat' dir='ltr'>PRIORIS</span> <span class='ocrx_word' id='word_1_4' title='bbox 1230 268 1600 325; x_wconf 79' lang='lat' dir='ltr'><strong>EDITIONIS.</strong></span> 
     </span>
    </p>
   </div>
   <div class='ocr_carea' id='block_1_2' title="bbox 381 401 1734 2873">
    <p class='ocr_par' dir='ltr' id='par_1_2' title="bbox 381 401 1734 2873">
     <span class='ocr_line' id='line_1_2' title="bbox 386 401 1700 465; baseline -0.008 -7"><span class='ocrx_word' id='word_1_5' title='bbox 386 413 523 458; x_wconf 82' lang='lat' dir='ltr'>toriae</span> <span class='ocrx_word' id='word_1_6' title='bbox 553 407 770 457; x_wconf 87' lang='lat' dir='ltr'>subtilius</span> <span class='ocrx_word' id='word_1_7' title='bbox 802 405 1026 460; x_wconf 67' lang='lat' dir='ltr'>tractatre,</span> <span class='ocrx_word' id='word_1_8' title='bbox 1069 402 1282 449; x_wconf 86' lang='lat' dir='ltr'>varietati</span> <span class='ocrx_word' id='word_1_9' title='bbox 1318 415 1365 449; x_wconf 91' lang='lat' dir='ltr'>et</span> <span class='ocrx_word' id='word_1_10' title='bbox 1394 402 1549 465; x_wconf 87' lang='lat' dir='ltr'>copiae</span> <span class='ocrx_word' id='word_1_11' title='bbox 1579 401 1700 452; x_wconf 87' lang='lat' dir='ltr'>doc-</span> 
     </span>
     <span class='ocr_line' id='line_1_3' title="bbox 388 484 1699 549; baseline -0.009 -8"><span class='ocrx_word' id='word_1_12' title='bbox 388 496 543 549; x_wconf 65' lang='lat' dir='ltr'>trinae,</span> <span class='ocrx_word' id='word_1_13' title='bbox 589 490 895 539; x_wconf 85' lang='lat' dir='ltr'>consentanea</span> <span class='ocrx_word' id='word_1_14' title='bbox 937 485 1056 541; x_wconf 80' lang='lat' dir='ltr'>sint3</span> <span class='ocrx_word' id='word_1_15' title='bbox 1109 485 1195 532; x_wconf 79' lang='lat' dir='ltr'>nisi</span> <span class='ocrx_word' id='word_1_16' title='bbox 1242 484 1514 531; x_wconf 85' lang='lat' dir='ltr'>minuantur</span> <span class='ocrx_word' id='word_1_17' title='bbox 1556 499 1699 547; x_wconf 89' lang='lat' dir='ltr'>porro</span> 
     </span>
     <span class='ocr_line' id='line_1_4' title="bbox 388 565 1703 629; baseline -0.01 -4"><span class='ocrx_word' id='word_1_18' title='bbox 388 579 568 625; x_wconf 81' lang='lat' dir='ltr'>sumtus</span> <span class='ocrx_word' id='word_1_19' title='bbox 599 574 647 619; x_wconf 91' lang='lat' dir='ltr'>in</span> <span class='ocrx_word' id='word_1_20' title='bbox 679 583 750 619; x_wconf 92' lang='lat' dir='ltr'>tot</span> <span class='ocrx_word' id='word_1_21' title='bbox 779 567 1026 624; x_wconf 74' lang='lat' dir='ltr'>editi011e3‚</span> <span class='ocrx_word' id='word_1_22' title='bbox 1060 583 1174 629; x_wconf 90' lang='lat' dir='ltr'>quas</span> <span class='ocrx_word' id='word_1_23' title='bbox 1199 565 1284 612; x_wconf 85' lang='lat' dir='ltr'>nisi</span> <span class='ocrx_word' id='word_1_24' title='bbox 1309 581 1477 613; x_wconf 89' lang='lat' dir='ltr'>omnes</span> <span class='ocrx_word' id='word_1_25' title='bbox 1500 567 1560 613; x_wconf 88' lang='lat' dir='ltr'>ad</span> <span class='ocrx_word' id='word_1_26' title='bbox 1589 582 1703 613; x_wconf 85' lang='lat' dir='ltr'>rna-</span> 
     </span>
     <span class='ocr_line' id='line_1_5' title="bbox 389 648 1698 714; baseline -0.011 -6"><span class='ocrx_word' id='word_1_27' title='bbox 389 677 507 708; x_wconf 88' lang='lat' dir='ltr'>num</span> <span class='ocrx_word' id='word_1_28' title='bbox 546 655 776 710; x_wconf 82' lang='lat' dir='ltr'>habueris,</span> <span class='ocrx_word' id='word_1_29' title='bbox 822 651 980 714; x_wconf 82' lang='lat' dir='ltr'>sapere</span> <span class='ocrx_word' id='word_1_30' title='bbox 1019 665 1112 696; x_wconf 90' lang='lat' dir='ltr'>non</span> <span class='ocrx_word' id='word_1_31' title='bbox 1161 649 1288 705; x_wconf 86' lang='lat' dir='ltr'>licet,</span> <span class='ocrx_word' id='word_1_32' title='bbox 1332 648 1474 710; x_wconf 83' lang='lat' dir='ltr'>inque</span> <span class='ocrx_word' id='word_1_33' title='bbox 1511 659 1698 695; x_wconf 86' lang='lat' dir='ltr'>tantum</span> 
     </span>
     <span class='ocr_line' id='line_1_6' title="bbox 388 731 1699 796; baseline -0.016 -4"><span class='ocrx_word' id='word_1_34' title='bbox 388 746 622 793; x_wconf 85' lang='lat' dir='ltr'>librorum</span> <span class='ocrx_word' id='word_1_35' title='bbox 643 736 942 785; x_wconf 75' lang='lat' dir='ltr'>auxiliarium</span> <span class='ocrx_word' id='word_1_36' title='bbox 964 743 1246 796; x_wconf 78' lang='lat' dir='ltr'>apparatum</span> <span class='ocrx_word' id='word_1_37' title='bbox 1286 731 1488 777; x_wconf 81' lang='lat' dir='ltr'>faciendi</span> <span class='ocrx_word' id='word_1_38' title='bbox 1514 755 1528 786; x_wconf 91' lang='lat'>;</span> <span class='ocrx_word' id='word_1_39' title='bbox 1561 747 1699 786; x_wconf 58' lang='lat' dir='ltr'>rever.</span> 
     </span>
     <span class='ocr_line' id='line_1_7' title="bbox 388 812 1697 874; baseline -0.011 0"><span class='ocrx_word' id='word_1_40' title='bbox 388 837 557 874; x_wconf 79' lang='lat' dir='ltr'>centur</span> <span class='ocrx_word' id='word_1_41' title='bbox 591 837 701 868; x_wconf 89' lang='lat' dir='ltr'>vero</span> <span class='ocrx_word' id='word_1_42' title='bbox 737 819 948 865; x_wconf 79' lang='lat' dir='ltr'>virorum</span> <span class='ocrx_word' id='word_1_43' title='bbox 983 814 1233 862; x_wconf 61' lang='lat' dir='ltr'>doctorum</span> <span class='ocrx_word' id='word_1_44' title='bbox 1257 812 1405 859; x_wconf 85' lang='lat' dir='ltr'>studia</span> <span class='ocrx_word' id='word_1_45' title='bbox 1429 812 1486 859; x_wconf 87' lang='lat' dir='ltr'>ad</span> <span class='ocrx_word' id='word_1_46' title='bbox 1512 825 1697 868; x_wconf 83' lang='lat' dir='ltr'>certum</span> 
     </span>
     <span class='ocr_line' id='line_1_8' title="bbox 387 894 1698 957; baseline -0.014 -1"><span class='ocrx_word' id='word_1_47' title='bbox 387 925 442 957; x_wconf 87' lang='lat' dir='ltr'>ac</span> <span class='ocrx_word' id='word_1_48' title='bbox 486 906 739 954; x_wconf 76' lang='lat' dir='ltr'>definitum</span> <span class='ocrx_word' id='word_1_49' title='bbox 787 903 932 948; x_wconf 85' lang='lat' dir='ltr'>finem</span> <span class='ocrx_word' id='word_1_50' title='bbox 973 910 1020 944; x_wconf 88' lang='lat' dir='ltr'>et</span> <span class='ocrx_word' id='word_1_51' title='bbox 1063 895 1213 952; x_wconf 86' lang='lat' dir='ltr'>usum,</span> <span class='ocrx_word' id='word_1_52' title='bbox 1259 894 1698 956; x_wconf 75' lang='lat' dir='ltr'>constituantur-que</span> 
     </span>
     <span class='ocr_line' id='line_1_9' title="bbox 386 976 1697 1044; baseline -0.014 -6"><span class='ocrx_word' id='word_1_53' title='bbox 386 990 549 1038; x_wconf 87' lang='lat' dir='ltr'>omnia</span> <span class='ocrx_word' id='word_1_54' title='bbox 583 987 660 1042; x_wconf 84' lang='lat' dir='ltr'>fic,</span> <span class='ocrx_word' id='word_1_55' title='bbox 700 997 752 1031; x_wconf 89' lang='lat' dir='ltr'>ut</span> <span class='ocrx_word' id='word_1_56' title='bbox 784 995 831 1029; x_wconf 89' lang='lat' dir='ltr'>et</span> <span class='ocrx_word' id='word_1_57' title='bbox 867 982 922 1028; x_wconf 89' lang='lat' dir='ltr'>iis</span> <span class='ocrx_word' id='word_1_58' title='bbox 954 980 1196 1044; x_wconf 79' lang='lat' dir='ltr'>capiendis</span> <span class='ocrx_word' id='word_1_59' title='bbox 1233 995 1317 1042; x_wconf 87' lang='lat' dir='ltr'>par</span> <span class='ocrx_word' id='word_1_60' title='bbox 1347 977 1401 1024; x_wconf 85' lang='lat' dir='ltr'>fit</span> <span class='ocrx_word' id='word_1_61' title='bbox 1436 976 1620 1024; x_wconf 85' lang='lat' dir='ltr'>animus</span> <span class='ocrx_word' id='word_1_62' title='bbox 1651 985 1697 1020; x_wconf 87' lang='lat' dir='ltr'>et</span> 
     </span>
     <span class='ocr_line' id='line_1_10' title="bbox 389 1056 1696 1127; baseline -0.014 -7"><span class='ocrx_word' id='word_1_63' title='bbox 389 1090 503 1120; x_wconf 91' lang='lat' dir='ltr'>vero</span> <span class='ocrx_word' id='word_1_64' title='bbox 534 1072 680 1118; x_wconf 87' lang='lat' dir='ltr'>etiam</span> <span class='ocrx_word' id='word_1_65' title='bbox 711 1065 895 1114; x_wconf 82' lang='lat' dir='ltr'>caeteris</span> <span class='ocrx_word' id='word_1_66' title='bbox 928 1063 1192 1127; x_wconf 87' lang='lat' dir='ltr'>disciplinis</span> <span class='ocrx_word' id='word_1_67' title='bbox 1229 1058 1548 1125; x_wconf 77' lang='lat' dir='ltr'>percipiendis</span> <span class='ocrx_word' id='word_1_68' title='bbox 1587 1056 1696 1104; x_wconf 86' lang='lat' dir='ltr'>satis</span> 
     </span>
     <span class='ocr_line' id='line_1_11' title="bbox 388 1142 1696 1212; baseline -0.012 -10"><span class='ocrx_word' id='word_1_69' title='bbox 388 1155 515 1203; x_wconf 61' lang='lat' dir='ltr'>recte</span> <span class='ocrx_word' id='word_1_70' title='bbox 549 1167 712 1204; x_wconf 80' lang='lat' dir='ltr'>vacare</span> <span class='ocrx_word' id='word_1_71' title='bbox 748 1148 915 1212; x_wconf 77' lang='lat' dir='ltr'>postit:</span> <span class='ocrx_word' id='word_1_72' title='bbox 968 1147 1090 1204; x_wconf 66' lang='lat' dir='ltr'>haec,</span> <span class='ocrx_word' id='word_1_73' title='bbox 1134 1147 1346 1208; x_wconf 79' lang='lat' dir='ltr'>inquam,</span> <span class='ocrx_word' id='word_1_74' title='bbox 1391 1142 1476 1190; x_wconf 78' lang='lat' dir='ltr'>nisi</span> <span class='ocrx_word' id='word_1_75' title='bbox 1514 1153 1696 1194; x_wconf 78' lang='lat' dir='ltr'>mature</span> 
     </span>
     <span class='ocr_line' id='line_1_12' title="bbox 386 1229 1696 1301; baseline -0.009 -18"><span class='ocrx_word' id='word_1_76' title='bbox 386 1235 742 1301; x_wconf 81' lang='lat' dir='ltr'>provideantur,</span> <span class='ocrx_word' id='word_1_77' title='bbox 771 1247 948 1288; x_wconf 85' lang='lat' dir='ltr'>vereor,</span> <span class='ocrx_word' id='word_1_78' title='bbox 981 1246 1037 1276; x_wconf 91' lang='lat' dir='ltr'>ne</span> <span class='ocrx_word' id='word_1_79' title='bbox 1069 1229 1277 1276; x_wconf 84' lang='lat' dir='ltr'>studium</span> <span class='ocrx_word' id='word_1_80' title='bbox 1312 1229 1402 1274; x_wconf 87' lang='lat' dir='ltr'>hoc</span> <span class='ocrx_word' id='word_1_81' title='bbox 1430 1239 1696 1289; x_wconf 66' lang='lat' dir='ltr'>graecarum</span> 
     </span>
     <span class='ocr_line' id='line_1_13' title="bbox 388 1309 1697 1373; baseline -0.011 -7"><span class='ocrx_word' id='word_1_82' title='bbox 388 1332 436 1367; x_wconf 91' lang='lat' dir='ltr'>et</span> <span class='ocrx_word' id='word_1_83' title='bbox 475 1319 728 1365; x_wconf 84' lang='lat' dir='ltr'>latinarum</span> <span class='ocrx_word' id='word_1_84' title='bbox 764 1315 1031 1362; x_wconf 82' lang='lat' dir='ltr'>litterarum</span> <span class='ocrx_word' id='word_1_85' title='bbox 1064 1313 1211 1359; x_wconf 82' lang='lat' dir='ltr'>indies</span> <span class='ocrx_word' id='word_1_86' title='bbox 1242 1312 1290 1357; x_wconf 91' lang='lat' dir='ltr'>in</span> <span class='ocrx_word' id='word_1_87' title='bbox 1317 1309 1549 1373; x_wconf 79' lang='lat' dir='ltr'>majorem</span> <span class='ocrx_word' id='word_1_88' title='bbox 1578 1322 1697 1354; x_wconf 49' lang='lat' dir='ltr'>conv</span> 
     </span>
     <span class='ocr_line' id='line_1_14' title="bbox 387 1388 1734 1459; baseline -0.012 -9"><span class='ocrx_word' id='word_1_89' title='bbox 387 1415 593 1450; x_wconf 84' lang='lat' dir='ltr'>temtum</span> <span class='ocrx_word' id='word_1_90' title='bbox 629 1400 892 1446; x_wconf 82' lang='lat' dir='ltr'>adducatur</span> <span class='ocrx_word' id='word_1_91' title='bbox 925 1414 951 1443; x_wconf 87' lang='lat' dir='ltr'>a</span> <span class='ocrx_word' id='word_1_92' title='bbox 982 1397 1095 1442; x_wconf 85' lang='lat' dir='ltr'>viris</span> <span class='ocrx_word' id='word_1_93' title='bbox 1131 1393 1455 1459; x_wconf 77' lang='lat' dir='ltr'>prudentibu5‚</span> <span class='ocrx_word' id='word_1_94' title='bbox 1500 1391 1576 1437; x_wconf 89' lang='lat' dir='ltr'>seu</span> <span class='ocrx_word' id='word_1_95' title='bbox 1613 1388 1695 1452; x_wconf 86' lang='lat' dir='ltr'>qui</span> <span class='ocrx_word' id='word_1_96' title='bbox 1731 1407 1734 1410; x_wconf 90' lang='grc'><strong><em>·</em></strong></span> 
     </span>
     <span class='ocr_line' id='line_1_15' title="bbox 384 1474 1696 1550; baseline -0.011 -16"><span class='ocrx_word' id='word_1_97' title='bbox 384 1487 473 1534; x_wconf 83' lang='lat' dir='ltr'>fibi</span> <span class='ocrx_word' id='word_1_98' title='bbox 496 1485 748 1550; x_wconf 83' lang='lat' dir='ltr'>prudentes</span> <span class='ocrx_word' id='word_1_99' title='bbox 773 1482 1007 1537; x_wconf 80' lang='lat' dir='ltr'>videntur,</span> <span class='ocrx_word' id='word_1_100' title='bbox 1040 1479 1122 1542; x_wconf 88' lang='lat' dir='ltr'>qui</span> <span class='ocrx_word' id='word_1_101' title='bbox 1151 1475 1312 1524; x_wconf 82' lang='lat' dir='ltr'>omnia</span> <span class='ocrx_word' id='word_1_102' title='bbox 1340 1474 1400 1521; x_wconf 87' lang='lat' dir='ltr'>ad</span> <span class='ocrx_word' id='word_1_103' title='bbox 1425 1475 1536 1520; x_wconf 82' lang='lat' dir='ltr'>vitae</span> <span class='ocrx_word' id='word_1_104' title='bbox 1560 1474 1696 1520; x_wconf 88' lang='lat' dir='ltr'>usum</span> 
     </span>
     <span class='ocr_line' id='line_1_16' title="bbox 384 1556 1698 1621; baseline -0.013 -3"><span class='ocrx_word' id='word_1_105' title='bbox 384 1570 555 1619; x_wconf 79' lang='lat' dir='ltr'>referre</span> <span class='ocrx_word' id='word_1_106' title='bbox 580 1567 762 1621; x_wconf 88' lang='lat' dir='ltr'>volunt,</span> <span class='ocrx_word' id='word_1_107' title='bbox 796 1581 880 1611; x_wconf 91' lang='lat' dir='ltr'>nec</span> <span class='ocrx_word' id='word_1_108' title='bbox 906 1562 1089 1619; x_wconf 86' lang='lat' dir='ltr'>litteris,</span> <span class='ocrx_word' id='word_1_109' title='bbox 1110 1560 1195 1607; x_wconf 79' lang='lat' dir='ltr'>nisi</span> <span class='ocrx_word' id='word_1_110' title='bbox 1221 1576 1278 1606; x_wconf 84' lang='lat' dir='ltr'>cx</span> <span class='ocrx_word' id='word_1_111' title='bbox 1301 1558 1519 1605; x_wconf 86' lang='lat' dir='ltr'>utilitatis</span> <span class='ocrx_word' id='word_1_112' title='bbox 1544 1556 1698 1611; x_wconf 79' lang='lat' dir='ltr'>messe,</span> 
     </span>
     <span class='ocr_line' id='line_1_17' title="bbox 383 1640 1697 1715; baseline -0.011 -16"><span class='ocrx_word' id='word_1_113' title='bbox 383 1667 492 1715; x_wconf 84' lang='lat' dir='ltr'>quae</span> <span class='ocrx_word' id='word_1_114' title='bbox 522 1667 633 1697; x_wconf 85' lang='lat' dir='ltr'>cum</span> <span class='ocrx_word' id='word_1_115' title='bbox 660 1646 757 1710; x_wconf 85' lang='lat' dir='ltr'>ipsa</span> <span class='ocrx_word' id='word_1_116' title='bbox 789 1647 965 1692; x_wconf 86' lang='lat' dir='ltr'>satione</span> <span class='ocrx_word' id='word_1_117' title='bbox 999 1645 1157 1695; x_wconf 78' lang='lat' dir='ltr'>statim</span> <span class='ocrx_word' id='word_1_118' title='bbox 1193 1642 1441 1706; x_wconf 65' lang='lat' dir='ltr'>conjuntfta</span> <span class='ocrx_word' id='word_1_119' title='bbox 1475 1640 1547 1698; x_wconf 87' lang='lat' dir='ltr'>fit,</span> <span class='ocrx_word' id='word_1_120' title='bbox 1586 1655 1697 1702; x_wconf 89' lang='lat' dir='ltr'>pre-</span> 
     </span>
     <span class='ocr_line' id='line_1_18' title="bbox 383 1723 1693 1784; baseline -0.012 0"><span class='ocrx_word' id='word_1_121' title='bbox 383 1738 506 1784; x_wconf 86' lang='lat' dir='ltr'>tium</span> <span class='ocrx_word' id='word_1_122' title='bbox 550 1732 773 1779; x_wconf 83' lang='lat' dir='ltr'>statuunt.</span> <span class='ocrx_word' id='word_1_123' title='bbox 864 1727 941 1781; x_wconf 86' lang='lat' dir='ltr'>Ne</span> <span class='ocrx_word' id='word_1_124' title='bbox 984 1726 1105 1772; x_wconf 88' lang='lat' dir='ltr'>illud</span> <span class='ocrx_word' id='word_1_125' title='bbox 1149 1742 1273 1777; x_wconf 84' lang='lat' dir='ltr'>nunc</span> <span class='ocrx_word' id='word_1_126' title='bbox 1320 1739 1558 1780; x_wconf 85' lang='lat' dir='ltr'>moneam,</span> <span class='ocrx_word' id='word_1_127' title='bbox 1604 1723 1693 1772; x_wconf 83' lang='lat' dir='ltr'>hoc</span> 
     </span>
     <span class='ocr_line' id='line_1_19' title="bbox 381 1805 1697 1877; baseline -0.011 -10"><span class='ocrx_word' id='word_1_128' title='bbox 381 1819 541 1867; x_wconf 84' lang='lat' dir='ltr'>nostro</span> <span class='ocrx_word' id='word_1_129' title='bbox 575 1812 758 1877; x_wconf 81' lang='lat' dir='ltr'>vulgari</span> <span class='ocrx_word' id='word_1_130' title='bbox 792 1811 873 1857; x_wconf 87' lang='lat' dir='ltr'>has</span> <span class='ocrx_word' id='word_1_131' title='bbox 908 1810 1086 1856; x_wconf 83' lang='lat' dir='ltr'>litteras</span> <span class='ocrx_word' id='word_1_132' title='bbox 1115 1806 1345 1854; x_wconf 62' lang='lat' dir='ltr'>tradtandi</span> <span class='ocrx_word' id='word_1_133' title='bbox 1375 1822 1505 1852; x_wconf 86' lang='lat' dir='ltr'>more</span> <span class='ocrx_word' id='word_1_134' title='bbox 1528 1805 1697 1852; x_wconf 78' lang='lat' dir='ltr'>viden-</span> 
     </span>
     <span class='ocr_line' id='line_1_20' title="bbox 383 1889 1694 1954; baseline -0.011 -4"><span class='ocrx_word' id='word_1_135' title='bbox 383 1903 503 1950; x_wconf 90' lang='lat' dir='ltr'>dum</span> <span class='ocrx_word' id='word_1_136' title='bbox 538 1898 639 1954; x_wconf 81' lang='lat' dir='ltr'>effe,</span> <span class='ocrx_word' id='word_1_137' title='bbox 674 1913 731 1943; x_wconf 92' lang='lat' dir='ltr'>ne</span> <span class='ocrx_word' id='word_1_138' title='bbox 763 1896 814 1942; x_wconf 91' lang='lat' dir='ltr'>in</span> <span class='ocrx_word' id='word_1_139' title='bbox 845 1911 950 1940; x_wconf 86' lang='lat' dir='ltr'>eam</span> <span class='ocrx_word' id='word_1_140' title='bbox 989 1893 1169 1940; x_wconf 85' lang='lat' dir='ltr'>molem</span> <span class='ocrx_word' id='word_1_141' title='bbox 1204 1908 1272 1938; x_wconf 78' lang='lat' dir='ltr'>eae</span> <span class='ocrx_word' id='word_1_142' title='bbox 1303 1890 1584 1946; x_wconf 79' lang='lat' dir='ltr'>excrescant,</span> <span class='ocrx_word' id='word_1_143' title='bbox 1616 1889 1694 1936; x_wconf 87' lang='lat' dir='ltr'>cui</span> 
     </span>
     <span class='ocr_line' id='line_1_21' title="bbox 382 1971 1694 2031; baseline -0.011 0"><span class='ocrx_word' id='word_1_144' title='bbox 382 1981 623 2031; x_wconf 82' lang='lat' dir='ltr'>versandae</span> <span class='ocrx_word' id='word_1_145' title='bbox 667 1996 720 2027; x_wconf 85' lang='lat' dir='ltr'>ac</span> <span class='ocrx_word' id='word_1_146' title='bbox 760 1976 1007 2024; x_wconf 85' lang='lat' dir='ltr'>volvendae</span> <span class='ocrx_word' id='word_1_147' title='bbox 1050 1976 1273 2023; x_wconf 79' lang='lat' dir='ltr'>humanae</span> <span class='ocrx_word' id='word_1_148' title='bbox 1312 1973 1432 2019; x_wconf 90' lang='lat' dir='ltr'>vires</span> <span class='ocrx_word' id='word_1_149' title='bbox 1477 1971 1559 2018; x_wconf 85' lang='lat' dir='ltr'>vix</span> <span class='ocrx_word' id='word_1_150' title='bbox 1604 1971 1694 2017; x_wconf 86' lang='lat' dir='ltr'>fint</span> 
     </span>
     <span class='ocr_line' id='line_1_22' title="bbox 381 2055 1694 2134; baseline -0.011 -18"><span class='ocrx_word' id='word_1_151' title='bbox 381 2083 533 2134; x_wconf 71' lang='lat' dir='ltr'>pareS,</span> <span class='ocrx_word' id='word_1_152' title='bbox 602 2063 714 2127; x_wconf 80' lang='lat' dir='ltr'>Qo</span> <span class='ocrx_word' id='word_1_153' title='bbox 739 2060 840 2124; x_wconf 83' lang='lat' dir='ltr'>ipso</span> <span class='ocrx_word' id='word_1_154' title='bbox 865 2059 987 2107; x_wconf 88' lang='lat' dir='ltr'>effici</span> <span class='ocrx_word' id='word_1_155' title='bbox 1011 2057 1186 2104; x_wconf 86' lang='lat' dir='ltr'>neceffe</span> <span class='ocrx_word' id='word_1_156' title='bbox 1213 2056 1294 2113; x_wconf 88' lang='lat' dir='ltr'>est,</span> <span class='ocrx_word' id='word_1_157' title='bbox 1324 2067 1377 2101; x_wconf 85' lang='lat' dir='ltr'>ut</span> <span class='ocrx_word' id='word_1_158' title='bbox 1399 2055 1446 2101; x_wconf 90' lang='lat' dir='ltr'>in</span> <span class='ocrx_word' id='word_1_159' title='bbox 1471 2055 1694 2103; x_wconf 81' lang='lat' dir='ltr'>extremis</span> 
     </span>
     <span class='ocr_line' id='line_1_23' title="bbox 381 2139 1696 2204; baseline -0.012 -3"><span class='ocrx_word' id='word_1_160' title='bbox 381 2164 570 2201; x_wconf 88' lang='lat' dir='ltr'>tantum</span> <span class='ocrx_word' id='word_1_161' title='bbox 601 2147 711 2202; x_wconf 90' lang='lat' dir='ltr'>oris,</span> <span class='ocrx_word' id='word_1_162' title='bbox 749 2157 830 2191; x_wconf 89' lang='lat' dir='ltr'>aut</span> <span class='ocrx_word' id='word_1_163' title='bbox 863 2145 911 2191; x_wconf 92' lang='lat' dir='ltr'>in</span> <span class='ocrx_word' id='word_1_164' title='bbox 947 2141 1192 2204; x_wconf 81' lang='lat' dir='ltr'>superficie</span> <span class='ocrx_word' id='word_1_165' title='bbox 1226 2140 1432 2189; x_wconf 81' lang='lat' dir='ltr'>haereant</span> <span class='ocrx_word' id='word_1_166' title='bbox 1463 2139 1696 2203; x_wconf 86' lang='lat' dir='ltr'>plerique,</span> 
     </span>
     <span class='ocr_line' id='line_1_24' title="bbox 383 2224 1697 2286; baseline -0.013 -1"><span class='ocrx_word' id='word_1_167' title='bbox 383 2249 466 2286; x_wconf 84' lang='lat' dir='ltr'>aut</span> <span class='ocrx_word' id='word_1_168' title='bbox 495 2235 554 2282; x_wconf 84' lang='lat' dir='ltr'>ad</span> <span class='ocrx_word' id='word_1_169' title='bbox 578 2247 765 2280; x_wconf 89' lang='lat' dir='ltr'>merum</span> <span class='ocrx_word' id='word_1_170' title='bbox 790 2228 946 2275; x_wconf 89' lang='lat' dir='ltr'>lusum</span> <span class='ocrx_word' id='word_1_171' title='bbox 967 2227 1110 2282; x_wconf 88' lang='lat' dir='ltr'>totius</span> <span class='ocrx_word' id='word_1_172' title='bbox 1140 2224 1281 2272; x_wconf 87' lang='lat' dir='ltr'>studii</span> <span class='ocrx_word' id='word_1_173' title='bbox 1304 2224 1599 2272; x_wconf 86' lang='lat' dir='ltr'>severitatem</span> <span class='ocrx_word' id='word_1_174' title='bbox 1620 2240 1697 2271; x_wconf 87' lang='lat' dir='ltr'>re..</span> 
     </span>
     <span class='ocr_line' id='line_1_25' title="bbox 382 2306 1695 2376; baseline -0.011 -9"><span class='ocrx_word' id='word_1_175' title='bbox 382 2328 570 2367; x_wconf 87' lang='lat' dir='ltr'>vocent.</span> <span class='ocrx_word' id='word_1_176' title='bbox 642 2313 766 2376; x_wconf 85' lang='lat' dir='ltr'>Qae</span> <span class='ocrx_word' id='word_1_177' title='bbox 801 2309 964 2357; x_wconf 88' lang='lat' dir='ltr'>omnia</span> <span class='ocrx_word' id='word_1_178' title='bbox 997 2308 1102 2371; x_wconf 84' lang='lat' dir='ltr'>quis</span> <span class='ocrx_word' id='word_1_179' title='bbox 1130 2323 1226 2356; x_wconf 89' lang='lat' dir='ltr'>non</span> <span class='ocrx_word' id='word_1_180' title='bbox 1254 2306 1490 2370; x_wconf 74' lang='lat' dir='ltr'>intelligat</span> <span class='ocrx_word' id='word_1_181' title='bbox 1516 2323 1572 2355; x_wconf 88' lang='lat' dir='ltr'>eo</span> <span class='ocrx_word' id='word_1_182' title='bbox 1592 2323 1695 2356; x_wconf 89' lang='lat' dir='ltr'>rem</span> 
     </span>
     <span class='ocr_line' id='line_1_26' title="bbox 382 2387 1696 2450; baseline -0.011 -1"><span class='ocrx_word' id='word_1_183' title='bbox 382 2401 470 2450; x_wconf 81' lang='lat' dir='ltr'>effe</span> <span class='ocrx_word' id='word_1_184' title='bbox 493 2397 765 2450; x_wconf 61' lang='lat' dir='ltr'>add-uetura,</span> <span class='ocrx_word' id='word_1_185' title='bbox 787 2404 839 2439; x_wconf 90' lang='lat' dir='ltr'>ut</span> <span class='ocrx_word' id='word_1_186' title='bbox 862 2392 953 2438; x_wconf 92' lang='lat' dir='ltr'>hoc</span> <span class='ocrx_word' id='word_1_187' title='bbox 978 2391 1242 2436; x_wconf 87' lang='lat' dir='ltr'>litterarum</span> <span class='ocrx_word' id='word_1_188' title='bbox 1261 2389 1576 2440; x_wconf 85' lang='lat' dir='ltr'>humanarum</span> <span class='ocrx_word' id='word_1_189' title='bbox 1598 2387 1696 2439; x_wconf 50' lang='lat' dir='ltr'>stu÷</span> 
     </span>
     <span class='ocr_line' id='line_1_27' title="bbox 382 2470 1695 2541; baseline -0.008 -11"><span class='ocrx_word' id='word_1_190' title='bbox 382 2484 535 2538; x_wconf 90' lang='lat' dir='ltr'>dium,</span> <span class='ocrx_word' id='word_1_191' title='bbox 558 2497 584 2527; x_wconf 88' lang='lat' dir='ltr'>a</span> <span class='ocrx_word' id='word_1_192' title='bbox 604 2478 767 2541; x_wconf 84' lang='lat' dir='ltr'>paucis</span> <span class='ocrx_word' id='word_1_193' title='bbox 790 2476 969 2522; x_wconf 87' lang='lat' dir='ltr'>idoneis</span> <span class='ocrx_word' id='word_1_194' title='bbox 992 2473 1105 2524; x_wconf 84' lang='lat' dir='ltr'>viris</span> <span class='ocrx_word' id='word_1_195' title='bbox 1128 2472 1387 2528; x_wconf 86' lang='lat' dir='ltr'>excultum,</span> <span class='ocrx_word' id='word_1_196' title='bbox 1410 2471 1531 2518; x_wconf 88' lang='lat' dir='ltr'>intra</span> <span class='ocrx_word' id='word_1_197' title='bbox 1553 2470 1695 2520; x_wconf 82' lang='lat' dir='ltr'>breve</span> 
     </span>
     <span class='ocr_line' id='line_1_28' title="bbox 381 2552 1696 2627; baseline -0.011 -15"><span class='ocrx_word' id='word_1_198' title='bbox 381 2578 572 2627; x_wconf 88' lang='lat' dir='ltr'>tempus</span> <span class='ocrx_word' id='word_1_199' title='bbox 587 2560 704 2607; x_wconf 84' lang='lat' dir='ltr'>adeo</span> <span class='ocrx_word' id='word_1_200' title='bbox 718 2558 990 2622; x_wconf 64' lang='lat' dir='ltr'>neglectum</span> <span class='ocrx_word' id='word_1_201' title='bbox 1005 2573 1056 2606; x_wconf 88' lang='lat' dir='ltr'>ac</span> <span class='ocrx_word' id='word_1_202' title='bbox 1072 2556 1351 2607; x_wconf 65' lang='lat' dir='ltr'>derelidtum</span> <span class='ocrx_word' id='word_1_203' title='bbox 1359 2552 1530 2617; x_wconf 83' lang='lat' dir='ltr'>jaceat,</span> <span class='ocrx_word' id='word_1_204' title='bbox 1544 2565 1597 2600; x_wconf 89' lang='lat' dir='ltr'>ut</span> <span class='ocrx_word' id='word_1_205' title='bbox 1611 2553 1696 2601; x_wconf 84' lang='lat' dir='ltr'>de-</span> 
     </span>
     <span class='ocr_line' id='line_1_29' title="bbox 383 2636 1696 2704; baseline -0.011 -8"><span class='ocrx_word' id='word_1_206' title='bbox 383 2648 549 2696; x_wconf 86' lang='lat' dir='ltr'>ficiant</span> <span class='ocrx_word' id='word_1_207' title='bbox 572 2661 667 2692; x_wconf 89' lang='lat' dir='ltr'>non</span> <span class='ocrx_word' id='word_1_208' title='bbox 683 2643 845 2700; x_wconf 88' lang='lat' dir='ltr'>modo,</span> <span class='ocrx_word' id='word_1_209' title='bbox 870 2641 952 2704; x_wconf 88' lang='lat' dir='ltr'>qui</span> <span class='ocrx_word' id='word_1_210' title='bbox 968 2639 1223 2688; x_wconf 90' lang='lat' dir='ltr'>Gronoviis</span> <span class='ocrx_word' id='word_1_211' title='bbox 1245 2638 1318 2685; x_wconf 91' lang='lat' dir='ltr'>vel</span> <span class='ocrx_word' id='word_1_212' title='bbox 1338 2637 1547 2684; x_wconf 86' lang='lat' dir='ltr'>Heinfiis</span> <span class='ocrx_word' id='word_1_213' title='bbox 1563 2636 1696 2683; x_wconf 89' lang='lat' dir='ltr'>fimi-</span> 
     </span>
     <span class='ocr_line' id='line_1_30' title="bbox 382 2718 1695 2786; baseline -0.008 -9"><span class='ocrx_word' id='word_1_214' title='bbox 382 2731 448 2777; x_wconf 88' lang='lat' dir='ltr'>les</span> <span class='ocrx_word' id='word_1_215' title='bbox 473 2728 578 2785; x_wconf 86' lang='lat' dir='ltr'>fint,</span> <span class='ocrx_word' id='word_1_216' title='bbox 602 2742 766 2772; x_wconf 88' lang='lat' dir='ltr'>verum</span> <span class='ocrx_word' id='word_1_217' title='bbox 788 2725 932 2771; x_wconf 86' lang='lat' dir='ltr'>etiam</span> <span class='ocrx_word' id='word_1_218' title='bbox 949 2724 982 2770; x_wconf 90' lang='lat' dir='ltr'>ii</span> <span class='ocrx_word' id='word_1_219' title='bbox 1005 2723 1106 2786; x_wconf 83' lang='lat' dir='ltr'>ipfi,</span> <span class='ocrx_word' id='word_1_220' title='bbox 1130 2723 1212 2785; x_wconf 88' lang='lat' dir='ltr'>qui</span> <span class='ocrx_word' id='word_1_221' title='bbox 1234 2720 1401 2768; x_wconf 88' lang='lat' dir='ltr'>litteris</span> <span class='ocrx_word' id='word_1_222' title='bbox 1425 2719 1497 2766; x_wconf 89' lang='lat' dir='ltr'>his</span> <span class='ocrx_word' id='word_1_223' title='bbox 1520 2718 1695 2782; x_wconf 85' lang='lat' dir='ltr'>puerili</span> 
     </span>
     <span class='ocr_line' id='line_1_31' title="bbox 381 2801 1697 2873; baseline -0.011 -14"><span class='ocrx_word' id='word_1_224' title='bbox 381 2810 635 2873; x_wconf 84' lang='lat' dir='ltr'>disciplina</span> <span class='ocrx_word' id='word_1_225' title='bbox 657 2808 895 2855; x_wconf 86' lang='lat' dir='ltr'>tradendis</span> <span class='ocrx_word' id='word_1_226' title='bbox 911 2806 1018 2853; x_wconf 87' lang='lat' dir='ltr'>satis</span> <span class='ocrx_word' id='word_1_227' title='bbox 1035 2807 1193 2853; x_wconf 89' lang='lat' dir='ltr'>idonei</span> <span class='ocrx_word' id='word_1_228' title='bbox 1213 2805 1484 2851; x_wconf 85' lang='lat' dir='ltr'>habeantur.</span> <span class='ocrx_word' id='word_1_229' title='bbox 1529 2801 1697 2865; x_wconf 74' lang='lat' dir='ltr'>Scrip-</span> 
     </span>
    </p>
   </div>
   <div class='ocr_carea' id='block_1_3' title="bbox 383 2888 1664 2958">
    <p class='ocr_par' dir='ltr' id='par_1_3' title="bbox 383 2888 1664 2958">
     <span class='ocr_line' id='line_1_32' title="bbox 383 2888 1664 2958; baseline -0.009 -12"><span class='ocrx_word' id='word_1_230' title='bbox 383 2908 488 2946; x_wconf 87' lang='lat' dir='ltr'>tum</span> <span class='ocrx_word' id='word_1_231' title='bbox 511 2895 560 2942; x_wconf 91' lang='lat' dir='ltr'>in</span> <span class='ocrx_word' id='word_1_232' title='bbox 586 2892 797 2958; x_wconf 83' lang='lat' dir='ltr'>Georgia</span> <span class='ocrx_word' id='word_1_233' title='bbox 821 2891 1033 2956; x_wconf 82' lang='lat' dir='ltr'>Augusta</span> <span class='ocrx_word' id='word_1_234' title='bbox 1058 2905 1156 2939; x_wconf 85' lang='lat' dir='ltr'>xxx</span> <span class='ocrx_word' id='word_1_235' title='bbox 1182 2888 1330 2941; x_wconf 85' lang='lat' dir='ltr'>Mart.</span> <span class='ocrx_word' id='word_1_236' title='bbox 1369 2900 1664 2945; x_wconf 65' lang='lat' dir='ltr'>MDchxXY0</span> 
     </span>
    </p>
   </div>
  </div>
 </body>
</html>
