1847 3313
411 277 530 326 AD
592 278 964 327 LIBRUM
1019 279 1130 329 vn.
1352 283 1443 346 169

136 401 239 446 thid:
267 404 441 454 nympha,
472 406 620 444 Sebethi
639 406 741 444 fluvii
761 407 805 444 ad
825 406 1020 459 Neapolim
1039 408 1128 452 filia,
1147 407 1301 459 suscepit
1328 406 1446 445 OEba-

137 461 228 506 lum,
247 464 312 515 qui
330 463 368 501 in
397 466 604 504 continente
634 466 762 509 halim,
795 480 839 504 ex
871 467 1020 504 adverso
1052 467 1229 518 opposito,
1259 468 1446 518 occupasse

136 533 300 562 narratur
316 523 393 560 loca
422 523 521 561 circa
550 525 716 568 Sarnum,
748 526 785 562 in
820 525 990 576 Hirpinis
1018 537 1053 563 et
1080 526 1118 563 in
1148 536 1306 563 extrema
1334 526 1447 565 Cam-

135 580 254 630 pania.
310 580 480 620 Fabulam
515 596 560 621 ex
595 583 717 620 nostris
752 583 929 634 petierunt
962 583 1072 621 Silius
1107 594 1142 621 et
1177 585 1335 630 Statius;
1364 585 1478 635 quiz·

140 639 303 691 Virgilio
329 642 520 692 praeiverit,
547 657 620 680 non
649 644 796 681 conflat.
849 644 1074 695 Sam-astibus,
1103 645 1206 682 Sarni
1225 644 1261 683 fl.
1295 645 1445 690 accolis,

138 698 306 737 Graecam
336 702 424 739 olim
443 702 621 753 originem
640 702 811 739 tributam
843 716 863 739 a
890 703 1071 740 nonnullis
1098 703 1213 747 fuisse,
1242 716 1287 740 ex
1316 703 1445 741 Servio

136 759 292 796 constat:
324 762 434 799 Conon
451 761 609 810 (videtur
623 761 775 806 Samius,
795 762 1035 799 fabulosarum
1049 762 1292 801 narrationum
1309 765 1446 809 auctor,

136 817 254 865 fuisse)
283 826 316 857 in
334 836 367 857 eo
383 820 479 865 libro,
498 836 588 871 quem
608 821 652 857 de
682 821 786 857 Italia
802 822 949 871 stnjfsstt,
968 824 1118 872 quosdam
1140 822 1289 873 Pelqssros
1306 824 1447 876 aliosque

135 893 179 921 ex
197 878 406 928 Peloponano
421 895 597 922 convenas,
622 881 673 918 acl
690 896 761 917 eum
777 880 877 918 locum
898 880 1014 918 ltalia·
1041 884 1164 931 wengffi’
1181 882 1274 926 dicit,
1299 887 1351 920 cm'
1368 884 1444 921 nul-

136 937 204 974 lum
221 949 323 974 antea
339 953 449 975 nomen
466 941 580 988 siverit
591 955 600 983 3
630 950 661 976 et
675 941 827 986 flumini,
846 955 937 990 quem
967 940 1137 977 incolerent
1157 941 1196 989 (l.
1218 942 1316 991 quod
1335 956 1445 980 acco-

135 990 280 1044 leserit),
311 997 419 1033 Sarno
435 1013 546 1034 nomen
565 1000 735 1047 imposngffi²
765 1013 806 1034 ex
836 997 1051 1048 appellatione
1072 1006 1184 1048 patrii
1194 1003 1348 1048 fluminis
1383 1003 1445 1049 (de

136 1067 211 1104 quo
237 1055 357 1091 nescio
385 1068 428 1091 an
455 1055 597 1092 aliunde
626 1056 777 1104 constet)
810 1069 840 1093 et
858 1061 898 1106 sk>
929 1058 1120 1108 szrrhasles
1148 1060 1338 1109 appcllaffi.
1394 1064 1447 1100 Hi

135 1117 224 1160 inter
238 1114 343 1152 multa
369 1117 484 1164 oppida
520 1116 698 1153 Nuceriam
728 1118 948 1156 condiderunt.
1003 1116 1152 1154 Scilicet
1183 1120 1327 1156 Samum
1356 1121 1443 1158 olim

136 1173 278 1210 Sarrum
309 1174 582 1224 pronuntiatum
611 1174 677 1211 effe
706 1175 837 1211 necesse
856 1175 920 1212 est..
971 1173 1101 1225 Neque
1128 1175 1226 1213 aliud
1247 1178 1443 1229 quicquam

136 1232 239 1283 super
269 1233 479 1270 Sarrastibus
510 1243 546 1271 et
576 1247 698 1271 eorum
726 1233 870 1284 origiue
902 1233 1001 1270 affert
1019 1234 1197 1274 Camillus
1218 1236 1444 1289 Peregrinius

136 1292 183 1330 de
208 1291 388 1344 Campan,
417 1291 521 1329 felice
540 1292 631 1330 Diff.
652 1292 705 1336 ΙΙ,
724 1307 759 1331 n.
783 1308 842 1344 24.
897 1293 972 1345 Qi
991 1294 1128 1332 somnia
1147 1296 1312 1346 requirit,
1339 1300 1445 1337 adeat

138 1351 274 1389 Euboici
288 1353 447 1391 abitatori
463 1355 500 1389 di
525 1353 649 1403 Napoli
677 1367 712 1403 p.
744 1356 814 1401 263
852 1352 946 1403 sqq„
976 1353 1040 1404 qui
1070 1354 1161 1392 liber
1193 1356 1350 1408 Neapoli
1378 1359 1443 1396 sub

137 1410 256 1448 Ducis
285 1411 429 1449 Michele
459 1413 594 1463 Vargas
621 1413 815 1450 Μαεῑὶῑιιϊιι
840 1411 986 1450 nomine
1007 1413 1172 1464 vulgatus
1202 1417 1262 1453 est.
1318 1418 1443 1469 Rufra-

136 1472 195 1508 vel
226 1472 382 1522 Rufrium
416 1471 453 1507 in
473 1471 714 1521 Hirpinorum
734 1471 880 1514 finibus,
900 1472 937 1508 in
964 1473 1179 1511 Samnitium
1199 1477 1367 1526 potestate
1382 1479 1444 1516 ha-

136 1530 269 1574 biturn,
288 1544 382 1568 nunc
402 1532 501 1568 Ruvo
521 1531 559 1567 in
586 1531 696 1568 Terra
714 1533 751 1568 di
774 1531 888 1575 Bari3
925 1532 1022 1569 circa
1039 1533 1163 1570 eadem
1182 1535 1261 1573 loca
1282 1538 1444 1576 Batulum

137 1599 174 1627 et
202 1588 351 1627 Celcmza
384 1591 446 1627 fita
476 1590 577 1626 fuiss'e
607 1590 788 1626 videntur.
846 1591 896 1626 At
928 1591 1052 1629 Abella
1080 1603 1205 1630 notum
1232 1595 1444 1647 Campania:

136 1650 328 1700 oppidum,
362 1649 456 1687 inter
492 1649 783 1687 Chalcidensium
816 1650 975 1687 colonias
1004 1662 1224 1690 numeratum
1253 1667 1272 1691 a
1300 1656 1441 1704 Justino

136 1708 235 1754 XX,
264 1723 298 1754 1,
332 1722 390 1758 13.
444 1709 555 1761 Qod
586 1708 744 1760 massera
774 1709 984 1759 appellatur,
1016 1710 1124 1748 etiam
1145 1719 1232 1751 nucis
1251 1716 1441 1755 Avellanae

134 1768 282 1805 nomine
298 1768 472 1806 firmatur.

187 1840 264 1879 744
281 1826 357 1878 sqq.
393 1827 510 1878 AEqm',
536 1827 701 1877 AEquani
723 1827 778 1863 vel
803 1827 995 1878 AEqur'cztli,
1028 1829 1082 1865 vel
1100 1830 1340 1881 AEquiculant’,
1364 1835 1443 1873 exi-

136 1899 247 1938 guum
266 1886 311 1924 ad
330 1895 516 1936 utramque
535 1885 686 1922 Anienis
706 1884 820 1935 ripam
837 1887 989 1924 tractum
1019 1887 1113 1925 inter
1129 1889 1286 1936 Marsos,
1320 1894 1442 1946 Pelig.

135 1960 216 1992 nos,
246 1956 281 1984 et
309 1946 463 1983 Sabellos
493 1955 631 1982 montes
650 1944 913 1991 inhabitarunt,
944 1946 1087 1997 agrestis
1119 1957 1154 1984 et
1183 1949 1256 1986 fera
1287 1964 1388 2001 gens,
1421 1967 1442 1991 a

138 2004 314 2043 Romanis
331 2004 425 2043 vieta
444 2013 477 2040 et
496 2002 673 2047 extin&a;
702 2004 797 2041 unde
816 2010 925 2055 poeta
941 2019 950 2042 :
980 2007 1132 2044 Horrida
1145 2023 1228 2058 gens
1246 2012 1445 2063 atzyiaeetaque

136 2065 236 2112 multo
255 2066 384 2101 Venatu
411 2079 572 2101 nemorum
594 2064 683 2100 duris
712 2064 903 2114 AEquicula
914 2065 1034 2116 glebis.
1089 2068 1214 2116 Nmsas
1247 2082 1266 2105 a
1300 2071 1442 2108 nemine

135 2124 210 2163 alio
237 2132 447 2169 memoratas
465 2121 556 2159 vidi.
614 2122 745 2172 Ufentis
762 2135 892 2161 nomen
920 2123 969 2160 ab
988 2138 1106 2169 amne,
1126 2125 1189 2176 qui
1208 2140 1271 2176 per
1289 2128 1443 2167 Volsco-

136 2197 218 2222 rum
235 2183 321 2220 fines
344 2184 450 2233 juxta
468 2181 705 2218 Tarracinam
724 2196 819 2220 mare
836 2183 990 2221 inferum
1020 2184 1145 2230 intrat,
1174 2186 1319 2226 dufmm
1341 2190 1442 2228 vide·

136 2255 210 2282 tur.
263 2242 429 2281 Fluvium
457 2241 583 2279 eodem
602 2242 747 2279 nomine
763 2241 801 2279 in
821 2242 1022 2294 AEquiculis
1049 2243 1164 2289 fuiffe,
1193 2248 1305 2286 tradit
1335 2251 1443 2288 Pom-

134 2316 221 2358 pon.

187 2377 208 2415 7
216 2377 276 2415 50.
303 2362 496 2401 Marruvia
513 2363 552 2399 de
572 2373 682 2414 gente.
735 2361 849 2400 Varia
868 2363 948 2401 sunt
965 2374 1123 2402 veterum
1148 2375 1183 2403 et
1202 2368 1440 2409 recentiorum

137 2433 354 2463 commenta.
407 2422 478 2462 Res
507 2422 558 2459 ita
586 2423 626 2459 in
653 2422 814 2460 ordinem
847 2423 1057 2475 redigenda.
1113 2424 1295 2465 Videntur
1327 2430 1444 2481 IlIaffi

136 2483 182 2521 ab
200 2482 306 2520 initio
335 2480 436 2518 fuisse
464 2480 598 2525 Marri,
629 2481 724 2517 unde
750 2480 833 2518 urbs
865 2494 989 2519 eorum
1021 2483 1252 2523 Marrubium.
1306 2486 1441 2529 Tradit

136 2555 280 2594 quoque
296 2539 410 2590 gentis
427 2550 463 2576 et
481 2539 635 2577 nominis
650 2542 828 2579 auctorem
849 2542 1014 2579 Marrum
1033 2542 1142 2580 Silius
1163 2543 1274 2589 VIII,
1295 2560 1365 2598 507
1387 2547 1440 2599 sq.

138 2601 208 2646 Sed
235 2613 299 2651 pro
334 2611 448 2642 more,
479 2611 584 2648 quem
614 2599 718 2646 toties
748 2599 949 2650 attigimus,
982 2601 1091 2638 etiam
1126 2601 1290 2641 Marfise
1310 2604 1442 2643 Graeca

138 2660 259 2702 fabula
274 2657 454 2708 originem
485 2657 814 2709 circumspexerunt
841 2658 997 2696 Romani
1026 2659 1227 2710 scriptores,
1258 2663 1389 2713 partim
1420 2678 1443 2702 a

138 2718 300 2768 Marsya,
328 2716 484 2767 Phryge,
514 2717 647 2768 partim
676 2731 696 2754 a
724 2717 863 2762 Marso,
891 2718 1016 2756 Circes
1044 2729 1079 2756 et
1109 2719 1239 2770 Ulyffis
1269 2722 1370 2761 filio:
1400 2723 1439 2761 in

139 2777 236 2828 quod
266 2786 547 2826 commmentum
579 2786 618 2826 ut
651 2775 867 2826 inciderent,
902 2777 1024 2817 locum
1058 2776 1146 2815 fecit
1179 2779 1310 2830 partim
1347 2777 1442 2818 fama

1346 2849 1445 2878 vetus
