1847 3313
388 287 797 345 AENEIDos,
841 287 989 337 ΜΒ.
1038 290 1128 338 XI.
1315 306 1405 358 577

99 426 437 490 Nequidquam
462 426 636 488 patrias
660 426 845 472 tentasti
869 426 1078 473 lubricus
1102 429 1244 482 artis;

99 515 203 563 Nec
223 515 344 562 fraus
364 529 409 562 te
433 516 723 562 incolumem
743 514 896 561 fallaci
921 515 1124 577 perferet
1147 516 1307 566 Auno-

99 608 224 654 Haec
246 608 370 654 fatur
390 608 542 670 virgo,
577 619 622 653 et
641 607 912 669 pernicibus
933 607 1069 671 ignea
1085 607 1258 670 plantis

100 695 288 749 Tranfit
311 712 487 758 equum
508 694 660 751 cursu,
684 694 913 757 frenisque
936 694 1123 740 adversa
1147 695 1383 757 prehensis

101 783 420 846 Congreditur
435 783 694 847 poenasque
714 783 911 830 inimico
932 800 988 830 ex
1006 784 1226 847 sanguine
1245 784 1404 833 sumit.

99 872 260 937 Qam
287 874 424 919 facile
447 873 677 934 accipiter
700 872 808 918 saxo
841 873 967 919 sacer
989 873 1080 919 ales
1101 874 1159 919 ab
1181 876 1277 921 alto
1312 890 1400 936 721

101 960 418 1023 Consequitur
440 960 606 1023 pennis
624 959 877 1007 sublimem
903 961 952 1006 in
975 961 1099 1006 nube
1115 962 1405 1021 columbam,

99 1050 516 1113 Comprensamque
537 1061 677 1105 tenet,
695 1048 987 1111 pedibusque
1005 1048 1226 1099 eviscerat
1243 1052 1374 1099 uncis
1392 1069 1404 1098 ε

96 1137 228 1186 Tum
252 1154 390 1184 cruor
413 1150 458 1184 et
484 1137 623 1184 volsae
648 1137 868 1183 labuntur
891 1137 950 1182 ab
975 1136 1150 1182 aethere
1170 1138 1371 1199 plumae.
1420 1165 1424 1169 -

161 1232 229 1278 At
248 1248 340 1279 non
365 1232 468 1278 haec
494 1230 635 1279 nullis
654 1230 904 1276 hominum
922 1230 1041 1276 sator
1053 1242 1191 1294 atque
1205 1232 1404 1279 deorum

96 1322 357 1369 Observans
382 1320 529 1373 oculis
553 1319 740 1367 summo
761 1319 889 1366 sedet
911 1319 1031 1366 altus
1055 1319 1279 1385 Olympo.
1307 1322 1401 1383 726

140 1464 215 1494 717.
243 1455 301 1486 Nec
313 1456 381 1498 fors
399 1464 424 1485 te
440 1453 609 1485 nonnullos
623 1453 741 1495 legere,
763 1453 894 1484 tradidit
909 1453 1023 1486 Cerda.
1063 1454 1197 1497 perferat
1218 1462 1292 1487 tert.
1309 1457 1404 1489 Men·

94 1503 149 1534 tel.
166 1512 197 1535 et
212 1513 287 1536 tert.
305 1506 403 1537 Goth.
447 1505 574 1548 proferet
599 1505 675 1535 Ald.
694 1515 742 1546 pr.
789 1505 873 1536 Anno
888 1505 972 1535 Ven.
1017 1517 1068 1535 uno
1096 1506 1195 1536 Goth.
1222 1513 1296 1537 tert.
1327 1506 1402 1538 vide

93 1554 134 1585 ad
159 1566 191 1586 v,
215 1565 288 1596 700.
382 1565 452 1595 720.
478 1556 650 1599 asanguine
672 1555 782 1596 vulgg.
809 1563 882 1586 ante
914 1555 1035 1593 Heins„
1057 1555 1110 1596 qui
1128 1558 1204 1598 exs
1229 1547 1411 1590 secundum·

93 1608 179 1639 Pier.
196 1616 226 1640 et
240 1609 417 1651 praecipuos
432 1609 501 1640 suos
515 1608 667 1650 reposuit,
683 1614 719 1638 ut
736 1607 794 1638 inf.
810 1609 888 1645 XII,
903 1616 978 1649 949.
1020 1616 1122 1650 poenas
1148 1611 1167 1638 i.
1193 1618 1218 1639 et
1231 1610 1260 1652 s.
1286 1610 1400 1643 Franc.

92 1671 128 1691 ex
142 1660 168 1703 s
189 1659 275 1703 po'scit
294 1660 354 1690 Ed.
370 1671 418 1702 pr.
436 1661 546 1691 Burm.
584 1659 703 1703 sumpsit
733 1658 841 1699 Bigot.
872 1659 976 1699 Sprot.
995 1664 1026 1688 et
1050 1668 1067 1687 a
1082 1668 1125 1688 m.
1146 1668 1196 1699 pr.
1214 1658 1330 1689 Hamb.
1350 1670 1402 1702 pr.

94 1721 166 1742 cum
182 1711 282 1743 Goth.
309 1719 381 1742 tert.
474 1719 545 1751 721.
560 1711 680 1751 facilem
703 1711 810 1751 Sprot.
857 1711 994 1752 ancipiter
1008 1708 1088 1739 alter
1100 1709 1218 1740 Hamb.
1264 1711 1402 1753 adcipiter

92 1771 126 1794 ot
147 1765 277 1806 atcipiter
305 1762 480 1792 scribebant
503 1761 557 1792 alii
581 1761 664 1793 Pier.
758 1769 832 1799 722.
867 1762 895 1791 in
918 1772 946 1790 n.
977 1758 1119 1790 volantem
1150 1759 1253 1790 Schol.
1279 1760 1398 1794 Horat.

94 1814 218 1855 Cruqu.
245 1814 284 1845 ad
301 1813 363 1844 Od.
382 1815 406 1851 Ι,
424 1822 477 1852 37,
500 1813 662 1843 memoxiae
681 1811 773 1849 vitio,
797 1810 852 1842 etsi
874 1811 1015 1841 volantem
1040 1821 1098 1851 pro
1115 1811 1165 1840 avi
1181 1814 1279 1852 poe'ta
1295 1811 1401 1844 dicere

92 1873 231 1909 poterat.
323 1874 395 1904 723.
420 1865 653 1909 Camprffzmque
682 1874 754 1905 pars
776 1862 887 1893 Heius.
914 1861 1020 1898 codd„
1042 1869 1078 1892 ut
1097 1861 1172 1892 alibi
1197 1861 1285 1893 solet.
1329 1865 1400 1895 Con-

89 1917 231 1961 vulsamq.
259 1911 505 1953 Ven.-——7zi‡.
531 1917 611 1947 ‘Tunc
633 1915 698 1948 alii.
745 1916 846 1958 evoffae
867 1915 964 1944 Rom.
991 1920 1023 1944 et
1045 1913 1149 1944 Schol.
1175 1914 1267 1944 Statii
1291 1915 1397 1949 Theb,

92 1970 148 2006 111,
169 1977 246 2007 537.
286 1976 391 2011 pcnnae
419 1969 548 2010 Menag.
576 1977 627 2009 pr.
660 1973 692 2002 et
716 1965 860 1997 Parrhas.
891 1996 895 1998 λ
952 1972 1025 2004 725.
1056 1965 1106 1997 hoc
1131 1965 1213 2004 Ven.
1263 1965 1313 1997 hoc
1334 1964 1399 1998 ullis

91 2019 219 2052 Vratiss.

95 2175 117 2197 Q
143 2128 229 2192 7.¹5‘
246 2125 403 2171 lubricus,
417 2125 543 2170 fallax,
562 2134 601 2162 ut
618 2130 710 2163 ὄλισ-

92 2181 353 2278 zsfissamzffii
373 2177 711 2266 '5133‘2235233313

92 2279 242 2323 LXIV,
272 2293 341 2330 337
375 2279 546 2318 Flammea
555 2290 712 2329 praever-

90 2342 137 2369 tet
167 2332 277 2369 celeris
307 2333 449 2383 vqfhgicz
478 2347 592 2370 cerva>
605 2345 619 2366 .·
666 2332 711 2369 de

89 2383 250 2429 Achille.
304 2383 358 2420 Ut
382 2383 467 2420 alias
494 2384 581 2429 ὀξὺς,
615 2383 709 2433 rapi-

89 2434 172 2479 dus,
198 2435 244 2471 de
272 2433 374 2484 igni3
402 2434 448 2474 fic
467 2447 561 2472 nunc
595 2440 711 2484 igneus

88 2498 157 2536 pro
173 2486 277 2523 celer.
333 2499 420 2536 719.
441 2487 578 2536 ‘Trmfit
595 2501 708 2536 equum

90 2540 182 2585 cusfic
199 2551 211 2573 :
242 2536 333 2573 Haec
361 2537 406 2574 de
424 2537 497 2586 ejus
529 2537 708 2573 celeritate

89 2588 330 2638 praestruxerat
373 2588 449 2638 sup.
497 2588 562 2626 lib.
610 2587 702 2632 VII,

91 2640 181 2677 808.
213 2642 299 2688 809.
355 2652 441 2690 721.
471 2638 596 2676 Minus
615 2639 703 2676 bene

87 2699 297 2740 comparant
315 2689 432 2740 Intpp.
451 2690 557 2729 Iliad.
577 2710 604 2733 v,
641 2694 702 2729 62.

89 2750 128 2790 φ,
147 2754 234 2791 493.
288 2740 540 2792 Opportunior
557 2752 632 2779 erat
649 2743 704 2779 lo-

88 2805 152 2836 cus
168 2792 274 2829 Il1ad.
296 2810 342 2842 χ,
363 2806 573 2847 139—144.
605 2797 709 2846 sacer

141 2843 258 2889 ToM.
277 2843 348 2886 111.

775 2124 871 2170 ale53
900 2124 1046 2176 accipio?
1067 2125 1220 2171 dietum,
1251 2137 1398 2179 propter

776 2177 968 2226 augurium
986 2189 1031 2213 ex
1057 2189 1100 2214 eo
1118 2178 1238 2214 avium
1267 2191 1398 2229 genere

776 2228 857 2278 capi
872 2227 1032 2272 solitum,
1059 2242 1093 2266 v.
1113 2242 1146 2265 c.
1167 2228 1243 2267 Od.
1262 2247 1291 2274 o,
1320 2245 1396 2283 524

774 2278 827 2328 sq.
868 2283 974 2329 sacra
999 2289 1118 2316 autern
1137 2280 1209 2317 diis
1233 2295 1274 2318 ea
1304 2297 1395 2333 quo-

777 2342 861 2380 que,
878 2344 958 2380 quae
974 2331 1019 2367 ad
1031 2332 1224 2381 augurium
1239 2332 1396 2382 speeiant

775 2391 811 2419 et
841 2381 887 2418 ad
904 2381 1166 2420 divinationem
1197 2397 1395 2433 quamcun-

773 2445 858 2482 que.
895 2445 981 2484 724.
999 2433 1116 2471 versus
1130 2433 1276 2472 inseruit
1289 2450 1395 2475 exor-

771 2484 901 2571 Pandae
915 2485 1194 2535 comparationi.
1215 2485 1263 2524 cf.
1282 2490 1391 2529 eund.

788 2547 844 2573 oe.

823 2599 911 2638 725.
927 2589 1014 2636 726.
1044 2587 1284 2627 Homericum
1300 2592 1389 2630 effe:

770 2638 849 2675 Οὐδ’
881 2641 1104 2678 ἀλαοσκοπιήν
1138 2644 1199 2689 ἔχε
1236 2642 1392 2690 quilibet

770 2688 877 2727 facile
890 2690 989 2727 videt
1002 2707 1012 2735 3
1033 2692 1068 2729 h.
1083 2703 1114 2727 e.
1135 2692 1284 2730 omnino
1298 2694 1392 2733 vidit

770 2741 885 2778 oculis
915 2740 986 2778 suis
1016 2742 1052 2790 J.
1087 2741 1194 2781 Iliad.
1231 2762 1265 2789 κ,
1299 2758 1390 2796 515.

770 2791 870 2831 conf.
906 2792 1033 2846 Odyff.
1066 2793 1107 2840 ἓ,
1140 2797 1229 2848 285.
1296 2792 1392 2848 72¹3.

827 2845 863 2882 Ο
891 2856 915 2884 o
1297 2851 1386 2903 7²3⁴
