1847 3313
365 327 452 388 πμ
671 305 1258 366 EXCURSUSI

360 456 418 494 dis
435 452 581 507 quidem
607 454 675 491 hoc
706 451 837 489 modo:
872 447 928 484 Ex
957 447 1117 495 Sterope,
1149 441 1306 481 Atlantis
1330 440 1419 485 filia,
1447 432 1661 480 OEnomauS,

363 516 481 553 Elidis
511 527 586 557 rex,
621 511 814 562 susceperat
851 505 1151 557 Hippodamiam,
1184 500 1306 551 Pelopi
1337 508 1499 549 nuptam,
1536 511 1555 533 a
1590 507 1663 545 quo

364 575 507 612 Atridae
540 571 696 610 oriundi.
751 571 913 618 Steropes
938 565 1036 602 soror
1069 572 1143 600 erat
1176 560 1295 604 Maia,
1329 557 1505 594 Mercurii
1537 565 1665 595 mater,

364 648 470 686 quern
500 631 660 669 Evandri
690 639 822 681 patrem
841 624 1079 664 ,celebrabant
1112 621 1281 658 Arcades.
1337 616 1420 654 Fuit
1434 616 1542 654 etiam
1561 614 1665 662 Tyn·

365 693 465 730 darei
495 705 603 744 genus
622 704 643 727 a
674 690 855 739 Taygete,
888 683 993 722 tertia
1014 679 1260 723 Atlantidum,
1285 677 1445 713 duetum.
1475 673 1523 711 cf.
1553 671 1668 722 Apol-

365 752 444 790 lod.
464 752 535 797 ΙΙΙ,
568 764 628 800 14,
658 762 692 798 3.
724 761 760 797 4.
783 762 816 799 ς,
874 744 997 780 Altera
1023 754 1067 778 ex
1097 749 1197 789 parte
1225 736 1400 774 Echemus
1429 732 1668 771 Timandram

367 813 533 856 duxerat,
569 807 847 860 Clytaemnestra:
879 814 914 842 et
952 801 1101 841 Helenae
1140 797 1308 840 sororem,
1359 794 1488 845 quibus
1530 790 1670 828 Atridae

365 873 481 923 june‘ti
514 880 614 909 erant
645 865 890 905 matrimonio.
918 862 967 900 cf.
997 861 1094 898 Serv.
1122 867 1157 894 et
1190 858 1361 906 Pompon.
1399 854 1483 891 Sab.
1519 850 1673 893 Sufficit,

369 934 540 972 vaticinia
560 945 621 983 per
638 929 779 967 Italiam
809 926 932 964 habita
958 921 1058 961 fuisse
1088 918 1340 967 antiquiffima,
1369 915 1410 952 ad
1441 925 1517 951 eam
1547 910 1672 948 referri

373 994 477 1032 solita
495 1009 504 1039 3
535 993 571 1030 id
592 989 689 1042 quod
709 988 751 1026 ad
774 986 898 1039 priscae
916 981 1029 1021 Italiae
1046 981 1171 1016 statum
1190 986 1224 1014 et
1241 976 1398 1013 indolem
1419 971 1673 1010 declarandum

374 1054 482 1091 valet.
535 1050 632 1089 Illud
650 1058 769 1085 tamen
787 1043 933 1086 dubito,
961 1055 981 1079 a
999 1035 1220 1077 Romanisne
1247 1034 1405 1072 narratio
1430 1033 1476 1069 de
1504 1030 1678 1068 Evandro

374 1113 509 1150 venerit
537 1124 596 1154 an,
627 1108 725 1158 quod
760 1103 874 1154 magis
905 1102 943 1138 fit
972 1096 1217 1151 probabile,a
1250 1095 1412 1133 Graecis:
1455 1101 1494 1129 ut
1525 1091 1614 1127 adeo
1641 1097 1677 1125 et

374 1173 449 1211 haec
486 1169 560 1221 ipsa
595 1168 687 1204 forte
720 1164 812 1200 inter
846 1162 991 1198 Graecas
1027 1155 1162 1194 Italicae
1197 1154 1350 1193 historiae
1384 1150 1679 1203 interpolationes

376 1229 561 1269 referenda
594 1225 658 1262 effe
692 1221 870 1260 videatur.
926 1218 1033 1255 Certe
1067 1215 1122 1252 his
1152 1214 1274 1252 deberi
1305 1213 1486 1256 videntur,
1523 1224 1601 1259 quze
1634 1209 1682 1245 de

378 1287 539 1328 Evandri
559 1284 699 1335 origine
721 1278 900 1318 Arcadica
919 1284 1057 1314 narrata
1076 1274 1170 1317 sunt,
1190 1283 1225 1311 et
1243 1273 1288 1309 de
1307 1271 1426 1308 caustis
1450 1268 1683 1321 profefflonis

379 1349 562 1399 susceptae.
598 1358 632 1380 v.
672 1337 823 1387 Dionys.
854 1337 886 1379 I,
919 1348 959 1384 3¹
995 1333 1072 1384 sqq.
1142 1331 1270 1370 Strabo
1305 1331 1359 1374 V,
1391 1344 1427 1379 p.
1463 1341 1548 1378 352·
1580 1324 1682 1364 Paus.

381 1408 493 1451 VIII,
521 1419 596 1455 433
625 1401 715 1439 adde
734 1412 784 1448 44
803 1395 897 1433 med.
928 1395 1025 1431 Sext.
1058 1393 1185 1429 Aurel.
1215 1390 1315 1427 Vift.
1334 1389 1382 1425 O.
1404 1388 1455 1424 G.
1478 1387 1524 1423 R.
1550 1400 1582 1436 ς.

435 1466 669 1506 Pallanteum,
688 1471 773 1498 mOX
792 1456 988 1495 Palantium
1014 1463 1048 1490 et
1066 1452 1255 1495 Palatium,
1283 1448 1464 1492 condidit,
1495 1445 1686 1497 oppidum,

382 1540 423 1567 ut
451 1541 526 1566 tum
563 1539 615 1562 res
647 1530 761 1564 erant,
795 1519 852 1555 seu
886 1528 1003 1554 arcem
1039 1515 1077 1551 in
1107 1522 1226 1551 monte
1263 1510 1423 1548 Palatino
1455 1507 1539 1545 inde
1575 1507 1687 1544 dieto.

384 1590 534 1627 Nomen
563 1599 582 1622 a
612 1594 746 1634 proavo
785 1578 939 1614 Pallante
957 1574 1059 1611 ducit
1079 1578 1187 1624 poeta
1205 1571 1317 1615 VIII,
1347 1583 1395 1621 54
1415 1568 1585 1606 Pallantis
1614 1577 1691 1617 pro-

385 1656 454 1686 avi
478 1649 517 1684 de
547 1650 670 1683 nomine
702 1639 941 1677 Pallanum.-
988 1634 1050 1684 qui
1081 1633 1175 1670 inter
1207 1630 1356 1680 majores
1387 1626 1546 1664 Evandri
1574 1640 1594 1663 a
1627 1625 1691 1662 Pe-

386 1708 486 1758 lasgo
505 1718 616 1756 genus
646 1698 808 1738 ducentis
836 1709 906 1732 non
942 1692 1113 1730 occurrit.
1170 1691 1286 1728 Potest
1316 1687 1527 1738 hoc'poeta
1554 1685 1599 1722 de
1627 1685 1690 1721 suo

387 1767 538 1809 finxisse,
566 1763 617 1801 uti
638 1757 795 1798 Evandri
815 1755 888 1793 filio
917 1755 1011 1791 idem
1032 1765 1161 1789 nomen
1190 1747 1341 1792 indidit,
1368 1747 1488 1798 potuit
1515 1755 1550 1782 et
1579 1745 1691 1783 alium

388 1828 570 1864 auetorem
590 1819 702 1871 sequi.
756 1817 855 1853 Nam
886 1814 1067 1851 Palantem
1098 1810 1190 1847 inter
1219 1807 1395 1858 Lycaonis
1423 1806 1515 1843 filios
1532 1805 1695 1842 ediderat

392 1885 588 1927 Hesiodus,
617 1893 673 1930 ap.
709 1876 832 1925 Steph.
864 1873 952 1922 Byz.
980 1871 1017 1908 in
1053 1872 1253 1907 Παλάντιον.
1308 1866 1410 1903 Alias
1442 1863 1695 1915 etymologias,

392 1946 509 1982 multo
528 1942 644 1979 minus
661 1935 873 1990 probandas,
906 1931 1011 1968 habet
1044 1930 1160 1966 Varro
1194 1927 1271 1966 LL.
1300 1926 1373 1970 IV,
1401 1939 1437 1975 p.
1475 1927 1528 1962 16.
1558 1922 1697 1962 Dordr.

393 2005 511 2042 Solin.
540 2017 572 2040 c.
598 2015 631 2043 ι,
659 2013 693 2049 p.
725 2011 743 2035 2
774 1996 817 2040 B,
846 1992 907 2030 ubi
938 1991 1013 2028 vid.
1043 1989 1187 2027 Salmas.
1217 2002 1252 2039 p.
1293 2000 1351 2025 10.
1407 1985 1524 2022 Festus
1551 1983 1588 2020 in
1614 1997 1698 2022 voc-

396 2065 586 2104 Palatium.
606 2060 703 2096 Serv·
722 2055 766 2092 ad
786 2055 869 2091 AEn.
898 2051 988 2093 VII,
1018 2064 1079 2101 51·
1135 2050 1169 2086 A
1190 2046 1370 2090 Palantio,
1396 2043 1579 2081 Arcadica
1597 2042 1698 2086 urbe,

395 2134 528 2161 nomen
560 2117 686 2156 melius
718 2112 869 2150 deduxit
898 2108 1050 2157 Dionys.
1083 2108 1110 2145 1.
1137 2120 1170 2144 c.
1201 2106 1264 2158 qui
1291 2105 1387 2142 idem
1420 2116 1452 2140 e.
1487 2115 1531 2151 32
1560 2110 1701 2150 etymo-

396 2181 533 2233 logiam
552 2179 673 2220 aliam,
692 2173 749 2211 sed
770 2184 877 2223 quam
897 2168 970 2219 ipse
1003 2167 1197 2218 improbat,
1218 2165 1262 2203 ab
1287 2162 1457 2201 Herculis
1473 2171 1510 2198 et
1539 2159 1703 2204 Lavinae,

399 2238 560 2279 Evandri
596 2235 692 2278 filice,
732 2233 845 2283 prole,
888 2227 1060 2268 Pallante,
1101 2239 1144 2263 ex
1183 2222 1339 2272 Polybio
1379 2229 1566 2258 memorat.
1633 2218 1703 2254 Sed

400 2301 503 2352 prior
530 2297 628 2334 fama
647 2305 729 2329 vero
763 2287 875 2340 magis
901 2285 1147 2326 consentanea,
1175 2283 1285 2320 etiam
1318 2280 1508 2318 Antonino
1530 2278 1594 2315 Pio
1622 2290 1704 2328 pro-

401 2362 512 2405 bata3
556 2366 707 2404 namque
743 2351 772 2387 is
806 2348 929 2386 urbem
967 2344 1135 2381 Arcadiae
1168 2341 1383 2381 Pallantium
1418 2353 1461 2377 ex
1496 2352 1590 2389 pago
1621 2337 1706 2375 fecit

403 2431 440 2459 et
471 2420 509 2457 in
538 2414 691 2464 originis
724 2407 930 2447 memoriam
958 2404 1159 2441 libertatem
1177 2417 1261 2440 curn
1279 2398 1506 2438 immunitate
1524 2412 1544 2434 a
1563 2397 1708 2434 tributis

404 2478 550 2518 tribuit.
578 2473 726 2512 Pausan.
754 2467 866 2510 VIII,
894 2479 956 2516 43.
1013 2462 1172 2500 Habitus
1189 2461 1260 2498 fuit
1289 2460 1459 2498 Evander
1485 2471 1505 2494 a
1534 2456 1711 2494 Romanis

406 2540 500 2578 inter
525 2538 652 2575 heroes
678 2530 882 2580 Indigetes:
912 2527 986 2574 ejus
1005 2537 1100 2561 aram
1129 2521 1193 2560 sub
1222 2520 1405 2558 Aventino
1435 2517 1627 2567 Dionysius
1655 2516 1709 2553 vi-

407 2599 522 2641 derat,
562 2593 655 2631 ibid.
693 2604 726 2628 c.
767 2602 826 2636 32.
881 2584 1006 2623 Paullo
1052 2581 1173 2620 notior
1205 2580 1252 2617 est
1287 2580 1481 2616 Carmentae
1516 2590 1591 2619 ara,
1633 2588 1713 2626 quae

408 2657 475 2696 sub
509 2651 695 2704 Capitolio
732 2647 801 2685 fuit
836 2647 939 2696 juxta
975 2653 1115 2693 portam
1160 2637 1440 2679 Carmentalem.
1486 2650 1521 2674 v.
1557 2635 1712 2684 Dionys.

406 2717 506 2765 ibid.
549 2712 664 2751 Soliti.
710 2722 742 2746 1.
795 2704 1027 2756 Lupercalium
1066 2701 1193 2752 religio
1228 2699 1273 2736 ad
1319 2697 1479 2736 Arcades
1521 2695 1586 2733 hos
1629 2708 1722 2732 cum

411 2774 582 2815 Evandro
616 2767 819 2808 Palantium
852 2763 1040 2802 insidentes
1077 2762 1185 2813 vulgo
1216 2756 1341 2796 referri
1375 2755 1478 2793 solita
1508 2754 1604 2793 fuit:
1644 2754 1721 2791 alia-

1619 2815 1715 2853 saera
