1847 3313
388 314 477 364 166
700 310 1197 360 EXCURSUS
1255 309 1375 358 VIII

383 444 477 482 latus
497 445 770 495 septentrionale
798 446 909 497 usque
937 445 982 481 ad
1015 455 1174 483 montem
1204 444 1393 481 Fiscellum
1420 442 1598 486 extendit,
1626 440 1694 479 sub

383 519 490 553 quem
514 505 643 542 Nurfia
675 507 784 556 pessita
801 516 892 547 erat,
911 515 946 541 et
965 504 1009 541 ab
1033 505 1222 542 occidente
1248 503 1419 546 Hortam,
1437 503 1531 540 ultra
1549 502 1688 540 Narem

384 563 515 601 Tiberi
536 565 742 609 immissum,
762 574 950 602 memorat.
1003 566 1226 608 Amiternum,
1242 563 1402 614 quinque
1414 561 1561 599 circiter
1575 560 1693 599 millia

383 623 430 660 ab
449 624 576 675 Aquila
592 625 708 662 versus
733 624 862 663 Aterni
882 623 1020 661 fontem
1048 623 1085 660 in
1114 625 1196 660 loco
1223 623 1342 665 fitum,
1359 621 1424 672 qui
1458 623 1496 659 S.
1527 623 1692 659 Vittorino

383 685 494 733 vulgo
527 685 741 734 appellatur,
778 699 849 723 non
888 684 1093 733 infrequens
1128 683 1241 735 prisea
1278 692 1379 720 aetate
1414 681 1591 733 oppidum
1624 680 1691 718 effe

383 742 527 787 debuit,
558 744 582 780 si
610 744 756 794 quidem
786 750 894 795 poeta
921 749 1036 796 ingens
1070 744 1248 781 Amiterna
1274 742 1382 781 cohors
1406 741 1529 779 dicere
1554 739 1690 792 potuit-

376 807 480 850 prici
509 804 657 853 ἐξω-πω
674 804 829 855 respeftu
863 804 1125 847 Romanorum,
1158 803 1221 853 qui
1240 811 1276 840 et
1294 801 1359 852 ipfi
1393 799 1555 852 Qirites
1585 799 1691 843 difti,

383 871 427 899 ex
446 876 518 913 quo
537 863 662 901 Sabini
683 866 825 902 Curibus
843 864 990 904 oriundi
1018 877 1101 901 cum
1127 864 1176 902 T.
1205 863 1318 900 Tatio
1339 862 1494 899 Romam
1508 870 1691 900 venerant.

385 920 492 959 Cures
518 934 650 969 autem,
668 925 947 975 antiquissimum
969 923 1216 974 Aboriginum
1242 922 1433 973 oppidum,
1464 920 1692 970 pronuntiari

383 979 511 1018 debuit
528 984 650 1032 Quo-1:²5
669 985 722 1020 vel
740 986 872 1034 Qaeiris,
893 985 1006 1033 Κύξις,
1035 984 1129 1020 unde
1145 983 1294 1032 Qeirites
1312 980 1417 1024 diffifi,
1437 993 1502 1031 pro
1533 980 1689 1028 Curerfi-

385 1038 456 1081 bus.
511 1042 607 1079 Situs
622 1034 776 1081 Curium
795 1044 867 1081 fuit
884 1044 923 1080 in
938 1042 1071 1079 Sabina
1091 1041 1251 1093 regione,
1280 1054 1368 1090 non,
1388 1040 1484 1090 quod
1502 1038 1693 1076 Cluverius

386 1113 423 1149 p.
444 1099 517 1150 675
538 1101 694 1150 putatia
727 1103 764 1139 in
783 1103 864 1139 loco
886 1103 1035 1152 Vqscovio
1053 1114 1146 1138 nunc
1172 1101 1285 1144 disto,
1314 1100 1374 1137 sed
1403 1099 1525 1150 paullo
1541 1097 1693 1137 inferius

385 1158 431 1194 ad
461 1159 633 1197 finistram
666 1162 780 1212 ripam
807 1162 920 1199 amnis
946 1163 1073 1211 Cot-(se,
1107 1161 1145 1197 iu
1175 1160 1251 1211 agri
1280 1161 1434 1210 Farenfis
1461 1159 1546 1195 loco
1576 1158 1695 1195 Monte

384 1225 553 1269 maggiore
577 1220 690 1264 difflo,
719 1220 758 1257 id
781 1223 880 1271 quod
906 1223 1010 1259 docte
1026 1221 1224 1257 declaravit
1252 1221 1456 1269 Capmartin
1486 1220 1524 1255 de
1551 1216 1694 1268 Chaupy

385 1279 619 1323 (Decouverfe
646 1282 684 1316 de
711 1280 747 1316 la
766 1281 898 1330 ll'Iag'son
920 1284 959 1318 de
979 1282 1173 1330 Campagne
1189 1279 1374 1322 d’Horace,
1403 1278 1464 1314 To
1483 1276 1553 1323 HI,
1581 1290 1618 1326 p.
1643 1290 1663 1325 7
1671 1289 1691 1329 ς
1723 1282 1729 1287 '

385 1335 499 1387 sqq.),
527 1338 591 1388 qui
612 1339 649 1376 in
669 1339 737 1377 hoc
769 1345 896 1376 eodem
926 1340 1009 1376 loco
1041 1339 1164 1375 villam
1193 1337 1257 1374 fibi
1289 1335 1441 1374 redemit
1458 1346 1494 1373 et
1512 1336 1693 1377 instruxit,

386 1396 490 1435 Idem
520 1412 554 1448 p.
589 1401 634 1450 67
671 1400 747 1449 sqq.
782 1409 896 1437 totum
931 1403 1049 1451 poetae
1079 1400 1200 1436 locum
1228 1398 1374 1447 egregie
1400 1397 1571 1442 illustrat3
1599 1397 1722 1434 unde—

388 1458 638 1496 transferemus
669 1460 842 1496 nonnulla
872 1461 910 1497 in
944 1460 981 1497 h.
1014 1460 1056 1503 1,,
1088 1457 1383 1508 quandoquidem
1402 1455 1576 1507 nusquam
1603 1456 1695 1495 alibi

387 1524 463 1551 tam
483 1527 648 1553 accurate
665 1517 739 1553 haec
760 1519 907 1555 traelata
922 1517 1091 1555 vidimus.
1147 1518 1288 1554 Eretum
1306 1517 1417 1566 vulgo
1436 1516 1474 1553 in
1491 1516 1583 1553 colle
1599 1516 1694 1555 haud

387 1576 513 1624 procul
544 1575 690 1612 Tiberis
723 1575 815 1626 ripa,
854 1577 970 1613 Monte
1013 1577 1164 1620 Ritondo,
1207 1574 1465 1625 quaefiverunt:
1508 1575 1605 1613 idem
1639 1576 1699 1613 vir

388 1634 514 1671 doetus
544 1634 648 1672 fitum
673 1636 859 1686 aliquanto
886 1636 1032 1687 propius
1050 1637 1093 1674 ad
1113 1636 1285 1675 Tiberim
1313 1636 1350 1673 in
1377 1636 1550 1679 colliculo
1574 1636 1699 1686 explo-

387 1695 502 1731 ravit:
547 1696 745 1745 appellatur
775 1698 875 1733 locus
908 1698 1070 1742 Rimane3
1112 1710 1146 1734 v-
1180 1710 1217 1746 p.
1252 1699 1314 1748 85.
1349 1708 1414 1746 91.
1466 1696 1626 1745 Matustcz
1649 1695 1696 1733 est

388 1752 543 1792 ‘Trebula
562 1755 734 1805 Mungsccz,
758 1755 823 1792 fitu
845 1769 889 1793 ex
909 1756 1146 1793 marmoribus
1163 1765 1199 1793 et
1217 1755 1329 1792 ruinis
1345 1754 1578 1806 deprehenso,
1597 1755 1696 1793 circa

388 1816 561 1865 ternplum
594 1814 631 1852 S.
663 1814 837 1852 Vi&0riae
867 1815 954 1860 fuit,
987 1815 1085 1852 mille
1113 1815 1263 1865 pastibus
1291 1828 1312 1851 a
1342 1814 1425 1851 vico
1444 1815 1561 1851 Monte
1577 1814 1697 1861 Leone,

390 1874 490 1912 XIV
510 1873 671 1910 millibus
689 1874 793 1925 supra
813 1874 939 1919 Reate,
959 1888 1053 1912 nunc
1080 1876 1172 1913 Rieti
1186 1873 1280 1911 ibid.
1307 1887 1343 1924 p.
1369 1886 1432 1923 93.
1487 1873 1568 1911 Nec
1588 1874 1699 1925 longe

389 1935 484 1973 abest
504 1933 602 1969 vicus
622 1933 761 1970 Oliveto
778 1933 908 1977 dieius,
925 1934 1022 1984 quod
1048 1934 1161 1985 ipsum
1180 1946 1309 1970 nomen
1327 1933 1512 1984 epitheton
1529 1933 1614 1969 olivi
1632 1950 1701 1971 era.-

390 1996 558 2044 Mutascae
576 1993 747 2030 declarat.
804 2008 890 2045 712.
920 1996 1129 2038 Nomentum,
1150 1994 1247 2044 quod
1266 1993 1359 2029 inter
1377 1992 1538 2029 colonias
1555 1992 1701 2032 Latinas

392 2054 471 2104 sup.
504 2053 574 2095 VI,
610 2065 682 2103 773
720 2065 1041 2092 commemoratum
1076 2054 1247 2096 vidimus,
1281 2052 1340 2090 sed
1373 2052 1412 2089 in
1444 2065 1534 2102 agro
1563 2052 1700 2091 Sabino

393 2114 498 2152 sltum
531 2113 724 2163 oppidum,
751 2113 897 2164 vestigia
931 2114 1038 2152 habet
1073 2114 1155 2151 satis
1183 2123 1280 2150 certa
1307 2113 1375 2150 viae
1402 2114 1639 2151 Nomentanae
1664 2122 1702 2151 et

393 2171 556 2208 nominiS
575 2172 613 2208 in
631 2170 712 2207 vieo
729 2171 910 2212 Montana,
966 2174 1013 2209 Ro
1028 2191 1068 2211 ea
1086 2189 1168 2211 rura
1194 2173 1313 2211 Velini.
1343 2172 1473 2216 Rosea,
1500 2172 1558 2210 seu
1583 2173 1703 2224 campi

394 2230 534 2274 Roseae,
561 2230 600 2267 in
618 2244 706 2280 agro
727 2230 883 2267 Reatino
903 2232 947 2268 ad
967 2233 1085 2269 lacum
1107 2232 1297 2275 Velinum,
1324 2231 1468 2269 summae
1485 2232 1574 2269 olim
1599 2232 1702 2269 ferti-

394 2290 522 2335 litatis,
549 2304 593 2328 ex
615 2290 750 2334 Plinio,
778 2290 941 2332 Varrone
959 2293 1108 2343 aliisque
1129 2291 1210 2329 satis
1236 2292 1315 2328 noti
1333 2291 1427 2329 sunt.
1448 2291 1524 2330 vid.
1554 2292 1702 2336 Cluver.v

394 2364 432 2402 p.
455 2353 527 2402 679
554 2362 590 2388 et
606 2351 860 2401 Capmartinus
888 2353 912 2389 l.
942 2353 968 2390 l.
997 2367 1045 2405 99
1069 2354 1148 2404 sqq,
1200 2352 1339 2402 Magna
1356 2365 1435 2402 ‘pars
1456 2352 1584 2389 horum
1604 2364 1702 2388 cam-

395 2424 524 2460 porum
550 2411 634 2446 lucu
665 2411 809 2447 demum
838 2411 973 2449 Velino
999 2412 1121 2456 emiffo
1148 2412 1316 2449 emersiss'e
1334 2411 1499 2449 videtur:
1530 2423 1703 2461 aquarum

396 2480 516 2508 autem
546 2471 815 2521 sulphur-earum
846 2471 954 2508 limus
981 2473 1026 2508 ad
1056 2471 1278 2509 fertilitatem
1297 2471 1364 2508 soli
1378 2471 1474 2507 haud
1491 2470 1602 2508 dubie
1618 2483 1702 2520 pro-

396 2529 481 2566 fuit.
536 2542 623 2580 713.
653 2528 796 2567 <Doricae
824 2530 981 2567 horrentis
1012 2542 1105 2582 rupes
1125 2542 1321 2581 montemque
1350 2532 1512 2567 Severum
1533 2529 1571 2566 in
1601 2541 1705 2566 mon-

397 2588 490 2625 tium
505 2589 604 2638 jugis
622 2588 737 2632 fuiffe,
755 2588 817 2637 qui
837 2589 882 2624 ad
901 2588 1076 2626 orientem
1095 2581 1237 2627 Nurfiae
1255 2589 1293 2626 in
1313 2588 1444 2626 Piceno
1462 2599 1577 2632 erant,
1596 2588 1706 2625 dubi-

398 2649 468 2685 tari
496 2649 634 2698 nequit.
665 2648 714 2686 cf.
744 2648 891 2685 Cluver.
921 2661 956 2698 p.
977 2650 1063 2698 692.
1090 2652 1177 2699 693.
1232 2649 1340 2686 Ultra
1357 2649 1531 2700 oppidum
1551 2651 1707 2699 Leomffa

399 2707 438 2744 in
457 2707 619 2745 Abruzzo
637 2708 730 2745 ultra
747 2720 807 2743 eos
825 2707 1010 2745 constituit
1030 2709 1283 2759 Capmartinus
1301 2724 1338 2760 p.
1364 2722 1447 2747 120.
1501 2723 1587 2760 714.
1600 2715 1604 2719 ’
1618 2710 1705 2757 Cas-

393 2773 523 2818 periam
543 2767 660 2804 versus
680 2766 850 2803 Himellae
867 2766 984 2811 fluvii,
1015 2769 1079 2819 qui
1106 2782 1199 2805 nunc
1227 2769 1297 2806 Aia
1323 2769 1384 2811 est,
1415 2768 1552 2806 fontem
1589 2768 1706 2810 fitam,

401 2838 478 2870 eam
496 2825 576 2870 effe,
593 2839 672 2875 quae
690 2838 786 2867 nunc
803 2826 930 2876 Aspra,
955 2826 1038 2865 stitis
1057 2828 1212 2866 constat:
1241 2827 1389 2879 abfuiffe
1408 2836 1527 2866 tamen
1544 2827 1713 2878 aliquan-

581 2897 603 2936 5
1632 2895 1711 2931 tum
