1847 3313
326 268 745 334 AENEIDOS‚
794 275 948 325 LIB.
998 278 1135 330 vm.
1292 302 1387 357 207

79 401 291 449 Saecula:
326 401 388 450 fic
410 398 599 465 placida
621 404 819 466 populos
841 405 888 451 in
910 415 1027 469 pace
1042 410 1251 473 regebat.
1286 423 1381 479 323

82 491 301 541 Deterior
323 493 473 540 donec
498 494 745 556 paullatim
768 511 822 542 ac
845 496 1038 546 decolor
1059 511 1172 549 aetas

80 582 148 629 Et
165 583 275 630 belli
301 584 451 630 rabies
476 596 522 631 et
538 601 670 632 amor
691 584 899 633 succeffit
921 587 1144 639 habendi.

18 716 21 719 .
84 672 216 719 Tum
241 689 406 719 manus
430 674 638 721 Ausonia
662 687 707 722 et
728 688 892 738 gentes
916 695 1085 730 venere
1107 684 1288 736 Sicanae
1303 711 1321 746 ς

85 758 268 821 Saepius
293 772 339 806 et
359 776 533 807 nomen
556 761 714 823 posuit
736 763 950 813 Saturnia
972 769 1123 819 tellus.

86 848 216 896 Tum
227 865 373 912 reges,
385 849 610 911 asperque
620 849 798 899 inmani
810 870 1009 918 corpore
1021 858 1228 926 Thybris
1246 882 1257 910 t
1291 879 1390 927 330

85 939 132 986 A
154 957 249 1003 quo
271 941 374 1003 post
397 941 502 987 Itali
525 940 724 988 fluvium
747 946 1036 1007 cognomine
1057 950 1295 1013 Thybrim

86 1032 341 1088 Diximus;
378 1032 535 1079 amifit
558 1049 724 1079 verum
747 1046 878 1081 vetus
903 1036 1081 1085 Albula
1098 1056 1290 1089 nomen.

89 1122 176 1168 Me
199 1123 385 1186 pulsum
409 1124 575 1186 patria,
602 1124 851 1187 pelagique
872 1140 1080 1176 extrema
1102 1130 1391 1195 sequentem,

89 1215 294 1262 Fortuna
314 1214 616 1276 omnipotens
641 1226 686 1260 et
709 1215 1005 1265 ineluetabile
1027 1220 1178 1269 fatum

88 1302 184 1351 His
206 1304 399 1366 posuere
422 1304 554 1361 locis,
581 1305 836 1367 matrisque
859 1322 995 1370 egere
1018 1317 1261 1363 tremenda
1295 1335 1322 1381 3
1328 1337 1355 1382 3
1364 1334 1389 1385 5

91 1397 356 1444 Carmentis
372 1397 421 1443 N
423 1397 615 1459 ymphae
632 1398 830 1456 monita,
841 1411 887 1446 et
896 1401 1007 1449 deus
1021 1405 1181 1454 aueior
1194 1410 1391 1473 Apollo.

134 1509 176 1542 32
178 1510 208 1540 5.
219 1503 298 1543 longa
309 1503 397 1534 Serv.
411 1513 441 1534 v.
456 1503 562 1535 Burm.
655 1504 729 1543 326.
746 1517 779 1536 ac
791 1506 874 1537 deest
884 1508 968 1540 Ven.
1059 1511 1134 1550 328.
1152 1526 1250 1546 manus
1260 1517 1399 1562 Ausonia,

91 1551 124 1583 h.
139 1553 449 1595 Ausones‚praeclare
462 1555 567 1586 Heins.
581 1556 721 1597 reposuit
735 1567 774 1587 ex
788 1558 910 1591 Medic,
928 1560 1009 1592 Gud.
1025 1569 1056 1592 et
1069 1564 1150 1595 Ven.
1162 1576 1233 1596 am.
1245 1568 1304 1601 sec.
1321 1580 1396 1603 cum

91 1604 251 1634 Romano.
277 1605 386 1646 Vulgo
402 1615 473 1635 cum
483 1606 613 1637 Servio:
632 1619 667 1637 m.
679 1607 824 1652 Ausoniae.
849 1611 884 1640 In
896 1610 1002 1652 Bigot.
1017 1613 1100 1645 abest
1110 1624 1310 1659 zan—334.
1329 1631 1356 1653 et
1371 1625 1397 1656 ί,

90 1655 192 1686 bellum
207 1656 264 1687 sec.
282 1659 414 1694 Morct„
427 1655 520 1688 male.
608 1667 626 1697 3
631 1667 648 1698 3
651 1668 682 1698 5.
705 1661 810 1702 erigere
819 1663 968 1693 tremenda>
979 1664 1073 1695 Rom.

90 1706 236 1738 Parthas.

1164 1676 1180 1706 3
1187 1668 1238 1707 36.
1260 1680 1286 1702 et
1296 1675 1399 1704 monita

94 1772 183 1808 dedit
199 1771 237 1809 h.
258 1784 372 1809 mores
390 1782 426 1810 et
444 1773 626 1821 instituta3
661 1776 712 1816 cf.

95 1821 189 1867 VII,
217 1836 304 1871 203.
338 1837 426 1874 204.
483 1839 570 1878 325·
607 1844 714 1865 aurea

80 1873 215 1923 Jaecula
231 1874 378 1911 observa
390 1890 452 1926 per
459 1888 576 1927 pacem
593 1880 713 1917 decla-

96 1925 185 1963 rari.
257 1927 346 1975 326.
389 1929 513 1966 decolor
543 1941 628 1968 Λείας
660 1945 714 1969 re-

94 1976 215 2027 speiiu
227 1977 320 2022 auri,
333 1979 455 2017 colore
465 1980 611 2026 vitiato,
624 1983 713 2020 dum

95 2041 188 2066 aerea
201 2030 258 2066 vel
269 2029 379 2066 ferrea
397 2040 477 2068 aetas
494 2031 712 2072 succederet.

100 2084 189 2130 328.
233 2097 348 2118 manus
380 2084 540 2131 Ausonia.
595 2085 713 2124 Auso-

99 2145 176 2175 neS,
208 2145 295 2182 quos
321 2133 451 2171 Livius
469 2145 504 2172 et
521 2136 583 2174 alii
601 2140 713 2188 vulgo

99 2182 321 2232 Aborigines
344 2186 538 2235 appellant.
570 2202 606 2226 v.
642 2190 714 2226 Ex-

99 2233 193 2272 curs.
217 2233 276 2271 IV
290 2235 336 2272 ad
354 2236 420 2274 lib.
439 2236 531 2278 VH.
564 2239 714 2278 Excurs.

101 2284 140 2322 II
157 2286 204 2322 ad
216 2285 283 2323 lib.
297 2286 407 2324 VIII.
453 2290 585 2329 Sicanos
597 2302 715 2330 autem

102 2346 274 2378 memorat
292 2343 417 2388 poeta,
443 2340 501 2378 seu
519 2343 617 2392 quod
631 2356 715 2380 auc-

100 2398 196 2426 tores
212 2389 352 2434 habuit,
370 2391 483 2440 quiet
505 2393 570 2430 hos
587 2394 624 2430 in
639 2394 715 2432 Ita-

99 2440 188 2477 liam
220 2440 348 2478 venisse
382 2444 586 2488 traderent3
632 2459 715 2485 cum

99 2491 190 2529 alias
216 2490 360 2529 Sicanos
393 2507 413 2530 a
446 2493 642 2546 Liguribus
671 2510 717 2535 ex

102 2542 285 2594 Hispania
315 2544 435 2594 pulsos
471 2546 510 2584 in
551 2546 717 2587 Siciliam

103 2595 279 2644 trajecisse
319 2607 498 2635 narratum
543 2598 584 2635 fit
604 2615 614 2643 ;
659 2601 717 2638 seu

104 2645 206 2696 quod
222 2647 355 2684 Sicanos
384 2661 468 2685 cum
496 2650 614 2688 Siculis
633 2664 718 2689 con-

102 2696 243 2740 fundit,
254 2710 342 2748 quos
353 2699 434 2736 loca
445 2699 538 2738 inter
551 2702 720 2741 Tiberim

105 2759 142 2785 et
176 2747 283 2785 Lirin
309 2750 451 2788 tenuiffe
479 2754 630 2798 constat,
658 2755 721 2793 etfi

101 2798 171 2837 alii
188 2799 227 2836 in
244 2799 411 2838 inferiore
424 2802 545 2848 Italia,
560 2802 725 2844 OEnotri-

106 2863 211 2892 orum
226 2850 321 2894 sede,
339 2865 398 2889 eos
413 2866 607 2892 memorent
618 2871 630 2901 ς
659 2871 723 2895 un-

107 2902 154 2939 de
170 2901 247 2941 iuic
263 2902 309 2941 ab
329 2904 537 2945 Ausonibue
553 2917 588 2946 et
609 2908 722 2947 Pelas-

779 1779 850 1829 gis,
874 1779 933 1817 hie
953 1781 999 1818 ab
1018 1782 1161 1834 Opieis,
1198 1787 1261 1837 qui
1278 1797 1313 1827 et
1330 1790 1397 1841 ipfi

778 1843 823 1867 ex
843 1831 1028 1870 Ausonum
1047 1848 1175 1885 genere
1193 1839 1307 1886 fuere,
1336 1855 1398 1879 ex-

779 1882 914 1919 turbati
948 1883 987 1920 in
1018 1886 1182 1926 Siciliam
1216 1891 1400 1940 trajecere.

779 1933 877 1971 conf.
915 1934 1065 1974 Excurs.
1103 1939 1141 1976 ΙΙ
1178 1942 1224 1979 ad
1258 1943 1296 1981 h.
1330 1945 1397 1984 lib.

779 1987 941 2023 Saturnia
953 1988 1050 2025 tellus
1075 1993 1220 2042 proprie
1233 1994 1284 2032 ita
1302 1995 1401 2035 dista

779 2036 849 2073 fuit
869 2037 906 2073 in
921 2038 1018 2077 clivo
1033 2040 1248 2092 Capitolino
1263 2046 1308 2083 ad
1328 2048 1399 2086 Ti-

777 2087 893 2125 berim
905 2106 916 2135 ;
943 2090 1053 2129 clivus
1070 2094 1249 2134 Saturnius
1266 2097 1296 2134 is
1308 2099 1400 2138 olim

778 2139 914 2177 dietus:
944 2142 1099 2193 Dionys.
1117 2145 1149 2191 1,
1164 2161 1226 2197 34.
1272 2149 1400 2189 Poetis

778 2189 864 2227 inde
874 2206 1002 2230 nomen
1013 2208 1078 2245 pro
1085 2196 1192 2235 Latio
1203 2209 1237 2237 et
1248 2214 1314 2251 pro
1325 2203 1401 2239 Ita-

781 2241 830 2278 lia
846 2242 923 2280 dici
946 2246 1070 2296 coepit.
1123 2249 1247 2288 Etiam
1264 2253 1400 2303 reliqua

779 2292 897 2331 Italiae
909 2297 1057 2334 nomina
1066 2311 1086 2335 a
1096 2301 1204 2338 certis
1214 2305 1401 2350 trafflbus,

781 2345 910 2392 quibus
920 2347 965 2384 ab
975 2348 1116 2399 origine
1126 2354 1272 2403 propria
1284 2367 1402 2402 erant,

780 2395 984 2437 dufiasunt.
1000 2399 1121 2451 Ipsum
1128 2404 1289 2444 Italiaeet
1298 2407 1403 2446 OEnoa

780 2452 857 2483 triae
873 2462 1018 2494 nomen,
1037 2452 1156 2502 primo
1171 2457 1216 2493 ad
1232 2457 1304 2495 sola
1321 2461 1403 2497 loca

780 2497 878 2536 circa
896 2501 1008 2539 finum
1027 2503 1253 2545 Lameticum
1269 2509 1403 2560 spee'ta-

782 2548 858 2588 bat.
885 2552 936 2589 cf.
971 2556 1078 2593 eund.
1109 2556 1258 2596 Excurs.
1313 2574 1404 2610 330.

787 2601 917 2640 Sumfit
928 2614 963 2641 et
971 2604 1038 2643 hoc
1050 2610 1156 2658 poe'ta
1165 2610 1210 2647 de
1219 2612 1346 2650 Tiberi
1357 2625 1405 2650 ex

785 2653 910 2691 multis
943 2656 1022 2693 aliis
1052 2661 1265 2699 commentis
1299 2663 1404 2715 supet

785 2704 934 2743 nomine
952 2707 1123 2756 Tiberis3
1150 2712 1201 2751 cf.
1229 2714 1326 2754 Serv.
1355 2716 1403 2753 ad

787 2755 824 2793 h.
843 2757 884 2801 l.‚
911 2758 1083 2806 Cerdam,
1100 2763 1148 2800 al.

839 2820 860 2856 3
867 2821 886 2857 3
892 2822 928 2858 3.
968 2811 1029 2850 De
1063 2813 1223 2853 Evandri
1251 2816 1408 2856 adventu

786 2871 822 2896 v.
842 2858 919 2910 sup.
939 2873 974 2901 v.
1004 2877 1046 2915 5¹
1070 2865 1147 2916 sqq.
1165 2876 1202 2904 et
1220 2867 1368 2907 Excurs.
1387 2869 1406 2907 I

787 2910 833 2948 ad
852 2909 888 2952 h.
908 2912 932 2951 Ῑ.
978 2913 1099 2967 pelagi
1118 2929 1284 2964 extrema,
1309 2933 1408 2957 mare

1222 2970 1408 3017 ultimum,
