1847 3313
327 286 735 347 AENEIDOS‚
783 282 927 335 LIB.
981 284 1095 335 VII.

1317 289 1383 347 93

67 424 218 475 Ardet
242 416 445 472 inexcita
467 420 674 468 Ausonia
692 431 830 482 atque
855 415 1098 464 inmobilis
1123 425 1231 460 ante
1250 435 1277 468 3·

67 514 176 563 Pars
200 514 343 577 pedes
369 512 435 558 ire
458 521 592 573 parat
615 508 828 570 campis;
863 521 970 568 pars
994 504 1165 550 arduus
1189 501 1299 548 altis

69 602 428 652 Pulverulentus
453 599 585 662 equis
610 597 750 645 furit:
786 611 950 642 omnes
970 610 1099 641 arma
1117 592 1381 656 requirunt.

19 714 22 719 ¹
68 693 180 741 Pars
204 693 317 739 levis
338 692 515 753 clipeos
540 701 586 736 et
608 688 786 752 spicula
805 687 963 733 lucida
989 697 1180 750 tergunt

1287 682 1382 731 626

70 785 253 833 Arvina
275 783 458 847 pingui,
493 780 812 842 subiguntque
835 779 882 826 in
908 790 1015 825 cote
1040 777 1242 831 securis;

72 874 310 937 Signaque
334 872 453 918 ferre
468 868 622 934 juvat,
664 868 934 931 sonitusque
956 867 1118 914 audire
1143 865 1384 924 tubarum,

71 962 299 1027 Qinque
319 962 437 1009 adeo
461 977 650 1024 magnae
674 958 837 1023 pofitis
861 957 1112 1005 incudibus
1134 955 1275 1002 urbes

115 1105 193 1145 623.
217 1104 393 1136 Arusianus
408 1102 539 1134 Meffius
554 1101 587 1133 in
609 1101 664 1133 suo
686 1100 769 1132 libro
785 1099 908 1142 legerat
925 1102 1014 1132 Ardet
1036 1102 1065 1131 1⁸11
1091 1103 1208 1132 excitam
1230 1100 1390 1141 Azfimiant‚

73 1162 254 1202 Argutatur
269 1158 302 1189 in
318 1157 380 1188 hoc
395 1156 516 1188 librarii
524 1155 610 1197 lapsu
628 1154 737 1186 Heius.
779 1155 957 1195 Vnigatam
981 1154 1099 1196 fragm.
1119 1154 1226 1186 Vatic.
1261 1163 1390 1195 quoque

72 1220 194 1242 tuetur.

287 1209 359 1246 624.
378 1215 488 1251 parant
504 1207 593 1238 Gud.
606 1217 625 1237 a
640 1217 684 1237 m.
700 1216 749 1248 pr.
769 1213 799 1236 et
813 1204 957 1241 Zulich.,
980 1205 1030 1236 hic
1046 1205 1176 1246 quidem
1188 1203 1291 1242 male3
1313 1213 1391 1235 nam

75 1262 264 1294 variandum
275 1268 340 1291 erat
357 1259 510 1302 poetaein
527 1257 680 1289 numeris.
729 1259 822 1287 Mars
841 1256 971 1289 Zulich.
1001 1267 1019 1287 a
1045 1267 1088 1287 m.
1121 1267 1170 1298 pr.
1196 1263 1228 1287 et
1253 1256 1393 1296 Menag.

75 1315 171 1352 alter,
191 1313 317 1354 stupore
333 1311 468 1349 librarii,
489 1321 586 1352 quem
592 1317 663 1352 pars
680 1312 781 1340 arduus
793 1308 877 1340 male
888 1309 1036 1340 habebat.
1082 1311 1152 1339 artis
1170 1305 1293 1338 Medic.
1310 1317 1329 1337 a
1340 1316 1389 1338 m.

74 1377 125 1410 PY-

217 1366 293 1404 625.
307 1366 392 1406 fugit
409 1363 546 1395 Dorvill.
572 1374 590 1393 a
605 1373 650 1394 m.
664 1373 712 1404 pr.

805 1361 880 1394 626.
900 1368 1009 1403 tergunt
1025 1360 1131 1404 plures
1149 1367 1179 1391 et
1195 1358 1396 1402 probatiores

77 1419 196 1451 Pierii:
221 1418 300 1448 item
314 1416 430 1447 Medic.
448 1423 479 1446 et
502 1415 555 1445 alii
577 1424 650 1444 curn
672 1413 779 1444 Probo
803 1413 887 1454 apud
902 1413 1015 1444 Heins.
1062 1412 1180 1443 Caeteri
1195 1418 1298 1453 tergent
1318 1420 1394 1441 cum

77 1470 170 1501 trinis
187 1468 286 1500 Goth.
330 1469 404 1499 lutea
433 1473 542 1508 tergunt
556 1465 686 1496 Vratiss.
730 1471 852 1505 torquent
865 1464 1010 1495 Parrhus.

78 1521 177 1552 Rom.
223 1531 273 1560 que
299 1517 383 1549 abest
413 1517 498 1548 binis
523 1517 674 1546 Burman.

80 1572 192 1604 Heins.
230 1571 338 1612 juvant
350 1570 446 1600 Rom.

1103 1465 1177 1502 627.
1192 1464 1393 1506 subjiciuntqm

764 1514 839 1547 628.
854 1515 933 1557 jubet
951 1515 1083 1552 Media,
1109 1515 1191 1544 sorte
1202 1515 1283 1551 labet,
1303 1513 1395 1545 addit

535 1567 608 1608 629.
636 1568 717 1610 Qin
727 1568 789 1596 adeo
806 1566 977 1608 Goth.pr.,
1001 1565 1168 1598 manifesto
1184 1566 1276 1598 vitio.
1324 1565 1394 1597 Nec

81 1625 207 1656 videtur
221 1622 370 1666 poeticus
385 1622 488 1653 sermo
504 1631 574 1652 eam
583 1619 722 1651 formam
734 1618 828 1651 ferre.
874 1620 1002 1663 impqsitis
1018 1631 1116 1661 magne
1132 1617 1278 1649 Parrhas.

80 1728 118 1766 V
137 1727 257 1766 Theb.
283 1729 353 1776 146
371 1727 417 1764 de
428 1724 676 1763 Amazonibus
691 1738 701 1762 ε

78 1781 139 1818 ubi
153 1796 250 1817 arma
271 1778 427 1830 Indulget
438 1789 554 1828 pater,
567 1781 706 1828 etsaevi

80 1843 188 1870 movet
203 1834 280 1883 qstia
298 1831 399 1868 Belli.

137 1885 183 1921 62
191 1896 226 1933 3.
256 1889 401 1920 inexcita
419 1892 517 1932 atque
532 1879 703 1919 immobilis

79 1947 171 1973 ante.
226 1934 324 1971 Nam
356 1948 392 1970 v.
425 1946 473 1983 45·
512 1948 572 1970 rf’x
603 1948 703 1969 arva

82 1989 223 2024 Latinus
244 1997 276 2023 et
292 1986 389 2022 urbes
407 1985 613 2034 Jamstnior
629 1984 703 2022 lon-

79 2055 129 2090 ga
138 2038 292 2088 placidas
305 2044 339 2074 in
346 2048 429 2086 pace
444 2036 590 2087 regebat.
619 2035 706 2072 Pul-

82 2089 276 2127 vendemus
288 2105 298 2134 3
327 2089 379 2125 nil
399 2087 621 2138 frequentius
640 2088 706 2124 hac

84 2140 244 2190 imagine
259 2149 364 2177 motae
379 2152 506 2190 pugnae
518 2139 575 2176 vel
588 2137 709 2176 cursus

85 2190 350 2235 concitatioris,
377 2191 433 2228 vel
465 2189 646 2227 industriae
673 2199 709 2226 et

85 2243 216 2287 studii3
245 2245 338 2286 κόνις,
363 2242 578 2290 ἕτγκονεῖσὲκι.
607 2243 711 2279 κονίσ-

86 2306 202 2333 cazor.
254 2301 370 2332 omneis
402 2310 502 2332 arma
536 2300 711 2344 requirunt

85 2347 254 2384 debitum
275 2345 395 2383 Ennio
423 2346 489 2382 esse
507 2355 607 2381 notat
625 2344 709 2380 Ma-

86 2398 189 2436 crob.
212 2396 283 2441 VI,
316 2411 348 2434 1.
404 2397 475 2434 Sed
506 2396 545 2433 in
572 2409 609 2434 v.
635 2395 710 2433 626

85 2450 132 2487 ad
148 2450 283 2486 nostros
298 2448 422 2486 decori
434 2447 550 2485 sensus
566 2447 714 2496 exigen-

87 2502 155 2538 dus
171 2513 245 2537 non
261 2501 310 2537 est
338 2500 450 2537 laevor
475 2510 511 2536 et
546 2499 714 2550 splendor

87 2565 133 2589 ex
150 2553 308 2602 axungia
325 2561 361 2587 et
379 2551 485 2588 suillo
509 2550 616 2601 adipe
637 2554 711 2599 (ἀς-

89 2608 163 2651 Ὑέτι
206 2604 296 2654 δημῷ
347 2603 441 2653 apud
486 2603 707 2650 Homerum)

90 2656 268 2705 quaesituS.
322 2652 405 2691 Nec
438 2664 558 2692 tamen
586 2666 649 2703 per
679 2653 713 2690 se

90 2705 233 2743 tenuior
248 2715 310 2742 aut
327 2705 435 2742 vilior
450 2706 503 2742 rei
516 2706 563 2742 est
581 2703 714 2756 species

89 2770 199 2808 quarn
217 2769 366 2794 acumen
380 2769 425 2794 ex
444 2767 540 2795 cote.

144 2811 218 2858 629
245 2807 324 2859 sqq.
365 2807 619 2845 Voluntariam
649 2806 714 2843 has

90 2859 195 2898 urbes
213 2859 384 2897 militiam
410 2859 593 2911 suscepisse
613 2868 716 2910 puta-

770 1724 833 1762 bat
847 1724 983 1768 Cerda,
1011 1737 1094 1761 cum
1114 1723 1251 1762 caeteris
1283 1723 1395 1775 impe·

770 1787 886 1813 ratum
939 1777 1034 1819 effer,
1090 1786 1129 1813 ut
1184 1775 1396 1813 militarent.

770 1828 952 1878 Equidem
972 1827 1087 1865 verbis
1114 1838 1256 1864 tantum
1289 1827 1396 1864 iness'e

768 1880 878 1917 video
895 1880 987 1916 hoc:
1017 1892 1089 1916 non
1118 1880 1230 1915 modo
1248 1880 1397 1929 agrestes

767 1930 974 1969 confluxisse
990 1934 1045 1978 (ut
1059 1944 1129 1982 573
1145 1930 1197 1981 sq.
1212 1940 1395 1967 narratum

768 1985 882 2031 erat),
911 1996 1035 2019 verum
1053 1984 1162 2020 etiam
1179 1995 1324 2033 magnas
1339 1995 1399 2018 ur-

770 2034 832 2072 bes
868 2034 1028 2071 bellandi
1068 2033 1186 2071 studio
1223 2033 1397 2071 exarfiffe.

772 2086 945 2138 Qinque
986 2096 1103 2123 autem
1137 2094 1314 2130 numerat,
1357 2094 1399 2121 ut

772 2142 895 2189 poeta,
923 2137 984 2175 cui
1003 2137 1126 2174 onmia
1153 2137 1298 2174 definite
1315 2136 1404 2173 effe-

774 2190 886 2228 renda
901 2189 994 2228 sunt.
1049 2188 1188 2226 Debuit
1203 2199 1322 2226 tamen
1337 2189 1400 2225 ha-

773 2254 855 2279 rum
888 2240 985 2277 Latii
1015 2240 1160 2277 urbium
1179 2240 1402 2290 praecipuum

775 2305 906 2330 nomen
935 2292 1001 2329 effe
1030 2291 1279 2342 antiquiffimis
1312 2301 1403 2328 teln-

775 2344 949 2395 poribus:
1006 2343 1044 2380 in
1077 2343 1207 2380 finibus
1238 2342 1401 2393 quidem,

776 2395 1004 2432 occidentem
1031 2394 1168 2439 versus,
1196 2395 1404 2432 Crustume‘

777 2447 824 2484 rii
843 2457 879 2484 et
897 2449 1174 2490 Antemnarum‚
1203 2446 1249 2482 ad
1283 2447 1403 2482 orien-

777 2509 850 2535 tem
887 2509 1004 2536 autem
1047 2497 1162 2541 Latii,
1207 2497 1330 2534 Atinae
1364 2498 1405 2535 in

778 2549 938 2587 Volscis.
1017 2550 1127 2588 ‘Tibur
1153 2548 1339 2599 superbum
1385 2562 1404 2585 a

779 2601 1047 2652 magnificentia
1080 2601 1211 2651 partim
1247 2611 1291 2636 ex
1324 2601 1404 2650 opi-

778 2651 844 2689 bus
863 2663 897 2689 et
923 2654 1040 2696 cultu,
1066 2652 1197 2702 partim
1215 2663 1260 2688 ex
1281 2650 1347 2688 fitu
1366 2653 1406 2689 in

779 2704 881 2741 edito
914 2706 1010 2742 loco.
1083 2704 1225 2746 Astute,
1253 2714 1298 2738 ne
1332 2717 1408 2740 me-

779 2764 876 2792 trum
901 2763 1129 2807 repugnaret,
1168 2767 1233 2805 pro
1267 2754 1408 2804 Crestu-

779 2814 877 2844 merz'o
907 2809 1002 2845 cives
1038 2808 1260 2856 Crfflumeros
1295 2806 1408 2844 dixit.

782 2858 876 2913 Qae
891 2859 1100 2910 sequuntur,
1129 2857 1174 2894 ad
1189 2856 1256 2895 hos
1272 2858 1409 2908 potissi·

1308 2921 1408 2947 mum
