1847 3313
355 278 447 337 438.
559 271 611 318 P.
651 267 1028 329 vinoiLrl
1075 267 1466 315 MARonls

357 403 457 449 Aut
496 403 592 450 leto
627 401 816 464 insigni.
885 401 1010 448 Sorti
1034 414 1168 464 pater
1190 417 1354 463 aequus
1380 401 1567 464 utrique
1585 400 1668 452 est.

359 491 500 539 Tolle
524 492 692 539 minas.
766 491 906 538 Fatus
931 491 1147 538 medium
1171 488 1388 553 procedit
1418 489 1467 535 in
1490 502 1671 551 aequor.

360 582 581 645 frigidus
607 581 872 628 Arcadibus
895 581 991 627 coit
1015 581 1062 627 in
1085 581 1348 644 praecordia
1371 578 1574 642 sanguis.

361 668 566 718 Desiluit
590 669 780 716 Turnus
798 670 976 733 bijugis
995 693 1007 723 ;
1043 670 1184 732 pedes
1199 670 1392 734 adparat
1409 670 1478 716 ire

368 762 666 808 Comminus.
735 762 900 824 thue
920 762 1010 817 leo,
1034 760 1221 825 specula
1244 778 1356 808 cum
1370 759 1489 807 vidit
1507 758 1567 805 ab
1583 758 1678 805 alta

368 853 500 899 Stare
516 853 680 915 procul
697 852 878 914 campis
897 851 1209 898 meditantem
1225 850 1271 896 in
1289 850 1462 913 proelia
1475 860 1683 904 taurum,

367 942 606 998 Advolat;
633 944 755 991 haud
775 943 866 990 alia
883 944 947 990 est
966 942 1117 989 Turni
1136 941 1361 988 venientis
1385 942 1559 1004 imago,
1584 940 1679 1001 456.

370 1031 520 1081 Hunc
544 1036 625 1082 ubi
650 1036 933 1099 contiguum
958 1032 1107 1080 miffae
1130 1031 1228 1079 fore
1252 1031 1457 1077 credidit
1478 1029 1634 1083 hastae,

371 1124 448 1170 Ire
468 1125 601 1187 prior
624 1125 793 1182 Pallas,
828 1124 861 1169 fi
885 1140 977 1186 qua
1001 1123 1095 1169 fors
1114 1121 1304 1185 adjuvet
1326 1120 1489 1167 ausum

419 1232 497 1265 450.
531 1227 567 1268 cst
595 1225 627 1256 in
666 1225 729 1256 fine
760 1223 844 1266 abest
874 1222 975 1254 tribus
1005 1223 1282 1259 Burm.——451.
1305 1221 1407 1252 Fatus.
1454 1218 1541 1250 Alias
1567 1216 1688 1258 adjicit,

375 1275 440 1316 lpaec
473 1277 575 1319 satus.
637 1278 688 1319 Jo.
734 1275 897 1305 Schrader.
944 1274 1027 1315 conj.
1074 1275 1166 1304 Fatis.
1228 1272 1351 1314 procgffit
1388 1272 1519 1311 Menag.
1559 1279 1608 1311 pr.
1655 1276 1688 1301 et

377 1326 501 1358 Hamb.
532 1338 580 1368 pr.
620 1338 693 1360 cum
725 1326 828 1357 Goth.
866 1326 924 1356 sec.
1015 1333 1092 1363 453.
1138 1324 1263 1367 Dffluig
1295 1322 1416 1363 aliquot
1452 1322 1563 1352 Burm.
1610 1320 1687 1352 Sub-

367 1377 454 1420 ,βίω-ἰ
493 1379 573 1409 Exc.
617 1378 937 1419 ejusden1.—-—454.
979 1377 1065 1418 Itque
1102 1374 1204 1406 Goth.
1249 1373 1306 1405 sec.
1399 1381 1473 1412 455.
1513 1371 1688 1402 meditantem

379 1431 408 1459 in
425 1430 551 1472 praelia:
585 1430 629 1461 ita
658 1429 766 1461 Heins.
788 1440 804 1460 e
827 1428 952 1460 Medic.
986 1435 1016 1458 et
1041 1427 1124 1458 binis
1140 1426 1237 1458 Pierii
1254 1425 1427 1461 Vaticanis,
1457 1434 1593 1464 quo1um
1609 1417 1711 1454 alter*

378 1482 547 1512 Romanus
578 1481 639 1512 est:
679 1481 758 1512 adde
789 1480 838 1512 ed.
874 1478 1017 1522 Mediol.,
1049 1489 1121 1511 cum
1157 1478 1256 1519 vulgo
1290 1479 1318 1508 in
1345 1475 1478 1507 abesset:
1516 1474 1690 1505 meditantem

375 1534 484 1575 praelia
510 1542 634 1564 taurum.
694 1535 742 1563 At
766 1532 903 1567 alterum
929 1531 1009 1561 illud
1036 1530 1186 1561 Heinfius
1213 1528 1347 1560 illustrat
1377 1527 1495 1569 partim
1520 1525 1587 1556 Silii
1617 1524 1691 1554 imi-

381 1586 502 1616 tatione
520 1587 593 1622 VII,
618 1594 682 1626 439
704 1585 823 1627 partim
839 1583 1002 1621 fininibus,
1024 1594 1093 1625 quae
1112 1582 1216 1620 affert,
1240 1580 1400 1612 nonnullis
1420 1586 1527 1610 tamen
1547 1577 1692 1618 aliquan-

382 1644 454 1668 tum
471 1636 610 1668 diversis.
658 1635 881 1667 Conveniunt:
901 1635 1051 1677 proludere
1073 1636 1100 1665 in
1112 1642 1252 1677 pugnam,
1272 1632 1375 1662 audere
1391 1632 1417 1661 in
1429 1630 1534 1673 praelia
1551 1628 1616 1669 sup.
1634 1628 1691 1659 lib.

381 1689 425 1726 11,
448 1697 521 1728 347.
565 1688 647 1727 irafii
662 1689 689 1718 in
705 1698 807 1717 cornua
824 1687 882 1716 Ge.
902 1687 955 1723 ΙΙΙ,
979 1694 1054 1724 232,
1080 1694 1111 1715 et
1127 1684 1187 1715 inf.
1214 1684 1289 1719 XII,
1318 1691 1378 1718 104
1403 1681 1550 1724 proludere
1565 1680 1693 1722 adpug-

384 1754 451 1773 nam
467 1739 577 1770 iisdem
600 1738 688 1770 locis.
734 1738 858 1768 Scilicet
881 1737 922 1768 ad
945 1736 1183 1778 exquisitim-em
1207 1735 1346 1765 formam
1362 1732 1400 1763 fic
1416 1730 1560 1773 proceffit
1575 1735 1695 1772 poeta:

385 1793 528 1828 meditari,
543 1800 686 1821 exercere
703 1790 743 1826 se,
760 1790 858 1832 aliqua
873 1791 901 1820 in
917 1800 957 1825 re,
980 1796 1012 1819 et
1027 1790 1154 1831 aliquam
1169 1787 1210 1818 ad
1231 1798 1298 1823 rem,
1320 1785 1381 1815 hoc
1406 1783 1544 1814 alterum
1567 1782 1695 1823 elegan-

386 1844 451 1875 tius
478 1841 604 1878 extulit,
636 1842 663 1871 in
694 1852 763 1871 rem.
852 1837 929 1877 456.
953 1839 1066 1869 Evolat
1092 1836 1218 1868 Zulich.
1267 1836 1302 1878 est
1325 1834 1388 1865 duo
1414 1833 1570 1865 Rottcnd.
1598 1833 1697 1863 omit-

387 1903 482 1928 tunt:
506 1901 538 1924 at
566 1891 652 1923 Gud,
683 1901 720 1928 et,
743 1890 830 1932 quod
854 1889 964 1920 Heins.
982 1889 1209 1930 amplectitum
1234 1894 1266 1918 et
1291 1885 1368 1916 facit
1391 1885 1501 1926 utique
1517 1885 1696 1915 orationem

388 1947 585 1981 nitidiorem.
633 1943 758 1980 Nescio,
773 1952 828 1972 cur
846 1944 957 1972 Burni.
970 1941 1066 1972 tacite
1082 1940 1200 1971 iterum
1221 1937 1360 1980 ejecerit.
1407 1939 1543 1967 venientis
1565 1937 1631 1969 vid.
1657 1937 1698 1967 ad

390 1998 459 2031 Ecl.
479 1999 544 2035 IX,
567 2005 616 2035 13.
707 2002 782 2032 457.
808 1996 898 2024 Nunc
922 1993 972 2024 tibi
990 1992 1090 2024 Goth.
1109 2002 1156 2034 pr.
1248 1989 1324 2028 458.
1339 1990 1371 2030 fi
1391 2000 1457 2031 qqtce
1473 1996 1504 2018 et
1529 1987 1580 2019 hic
1599 1988 1700 2019 male-

389 2050 446 2082 bat
464 2046 599 2080 Bentlei.
625 2044 664 2075 ad
682 2046 792 2075 Horat.
812 2044 876 2076 Sat.
897 2044 936 2082 11,
958 2042 990 2081 6,
1014 2051 1063 2076 10.
1099 2043 1162 2085 [ονε
1177 2040 1300 2082 aliquot
1322 2041 1431 2071 Burm.
1477 2038 1603 2079 adjuvat
1623 2041 1701 2072 Me·

390 2102 453 2134 dic.
474 2107 506 2130 et
521 2097 574 2129 alii
589 2103 664 2127 tres.

394 2189 536 2216 morum
549 2171 692 2223 judicio
704 2171 850 2208 ducrum
863 2171 928 2208 effe
938 2183 1016 2207 ver-

396 2230 475 2267 sum
494 2225 611 2263 dixit:
644 2223 736 2260 Nam
754 2227 1021 2273 tropaeumferre

397 2285 448 2319 ine
465 2296 487 2316 a
501 2282 596 2329 fimi
611 2278 688 2312 viro
700 2273 877 2324 pulchrum
889 2281 953 2323 fst'?
983 2275 1023 2311 Si

399 2343 510 2371 autem
525 2340 555 2365 et
567 2333 707 2370 vincar,
724 2332 821 2363 vinci
836 2342 858 2362 a
870 2326 936 2362 tali
948 2326 1022 2362 nul-

401 2385 469 2421 lum
500 2383 542 2431 (st
566 2379 737 2430 probrum.
809 2391 900 2426 450.
936 2378 1026 2414 Sorti

397 2446 499 2485 pater
505 2446 618 2482 aequus
629 2435 770 2479 utrique,
781 2429 858 2465 scil.
870 2428 1024 2465 ferendae

404 2499 466 2537 par
480 2485 526 2521 est
543 2496 551 2518 :
581 2483 610 2518 is
620 2482 667 2517 est
684 2490 797 2530 pater,
812 2479 875 2530 qui
890 2489 1024 2516 utram-

403 2549 474 2588 que
506 2536 702 2574 fortunam,
733 2541 769 2567 et
798 2532 956 2567 vicioriae
991 2541 1026 2568 et

405 2587 535 2626 mortis
563 2582 744 2635 gloriosae,
775 2596 876 2633 aequo
905 2583 1026 2619 anirno

406 2641 514 2683 ferat,
552 2635 684 2673 utfere
710 2633 808 2671 Serv.
866 2633 1028 2683 Respicit

406 2691 504 2728 enim
533 2689 578 2726 ad
597 2686 704 2723 verba
723 2684 842 2721 Turni
861 2684 912 2722 vs.
951 2698 1023 2733 443

408 2754 552 2792 cuperem
580 2743 643 2788 ipſs
663 2748 787 2787 parens
806 2737 975 2773 Evander
989 2753 1028 2772 a-

410 2796 516 2843 dfffet.
581 2802 669 2839 453.
697 2788 857 2837 Destluit‚
892 2797 930 2823 ut
966 2800 1028 2836 par

411 2845 489 2894 pari
521 2840 831 2891 congrederetur:
859 2838 912 2874 ita
931 2838 1028 2874 enim

411 2894 563 2935 heroice
594 2892 676 2930 vitae
706 2892 764 2928 lex
796 2891 879 2928 fert.
938 2903 1028 2941 454.

1083 2167 1382 2218 Comparationes
1412 2180 1432 2203 a
1457 2167 1559 2204 leone
1577 2166 1701 2204 sumtae

1085 2221 1207 2258 multae
1224 2220 1354 2256 similes
1370 2218 1449 2255 sunt
1474 2231 1532 2268 ap.
1561 2218 1701 2255 Home-

1086 2285 1179 2309 rum.
1209 2270 1258 2307 cf.
1293 2270 1360 2307 inf.
1391 2269 1438 2306 ad
1469 2283 1504 2306 ν.
1542 2284 1631 2321 729,
1667 2279 1702 2319 er

1088 2323 1210 2360 Cerda
1229 2323 1273 2358 ad
1294 2323 1329 2359 h.
1344 2322 1369 2358 l.
1387 2338 1396 2367 3
1426 2321 1485 2358 sed
1511 2321 1643 2358 novum
1663 2321 1701 2358 in

1087 2375 1243 2412 Marone
1258 2374 1342 2416 hoc,
1360 2373 1458 2423 quod
1476 2388 1499 2408 a
1510 2372 1650 2421 specula
1666 2373 1704 2412 h.

1088 2426 1223 2462 montis
1237 2425 1386 2468 vertice,
1406 2427 1439 2461 ἐκ
1453 2429 1608 2468 σκοπιᾶς,
1622 2437 1706 2474 pro-

1089 2477 1209 2527 spicit,
1237 2486 1273 2513 et
1303 2476 1400 2525 quod
1428 2486 1569 2512 taurum
1604 2477 1704 2512 videt

1090 2531 1300 2566 meditantem
1326 2534 1361 2563 in
1382 2527 1506 2577 praelicz
1533 2527 1585 2575 (h.
1603 2540 1704 2564 exer—

1091 2591 1246 2623 centem,
1281 2589 1463 2629 parantem
1487 2577 1520 2615 se
1550 2578 1594 2615 ad
1613 2591 1705 2628 pug-

1091 2644 1190 2675 narn,
1227 2645 1261 2668 v.
1279 2644 1314 2666 c.
1346 2630 1545 2680 spargendo
1563 2643 1705 2666 arenam

1092 2683 1196 2732 pede,
1216 2681 1325 2717 {frum
1344 2695 1452 2718 cornu
1467 2680 1650 2718 minando.
1669 2696 1705 2717 v.

1094 2734 1182 2770 Var.
1214 2733 1346 2778 Lech).
1399 2733 1623 2768 imitatorem
1651 2732 1707 2768 Si-

1092 2785 1181 2822 lium
1200 2784 1298 2821 conf.
1325 2783 1389 2820 lib.
1416 2784 1467 2827 V,
1489 2796 1704 2832 309—315.

1095 2836 1247 2872 Statium
1268 2835 1345 2879 VH
1373 2835 1492 2873 Theb.
1523 2838 1598 2884 670
1628 2832 1708 2884 sqq.

1095 2901 1183 2939 457.
1198 2890 1283 2938 458.
1304 2886 1380 2925 Ubi
1397 2886 1488 2925 intra
1502 2886 1710 2934 telijaftmn

1587 2938 1717 2986 rcmss'sg.
