1847 3313
379 262 790 328 AENEmoS,
853 266 998 319 ΜΒ.
1052 272 1116 320 X.
1326 290 1417 337 433

106 387 237 444 Tum
262 397 410 446 Pallas
436 401 612 463 bijugis
638 401 903 464 fugientem
928 403 1132 449 Rhoetea
1155 416 1330 466 praetcr

99 487 318 551 Trajicit.
348 488 459 535 Hoc
484 489 701 552 spatium,
719 503 997 554 tantumque
1022 503 1173 539 morae
1198 493 1288 540 fuit
1310 492 1410 546 llo;

100 574 172 622 Ilo
190 594 391 640 namque
408 580 574 641 procul
593 581 800 627 validam
820 582 1052 629 direxerat
1074 583 1278 630 hastam:
1316 599 1404 643 401

98 663 259 728 Qam
278 667 460 712 medius
481 666 708 713 Rhoeteus
726 668 1174 732 intercipit,opt1me
1187 671 1411 729 Teuthra,

97 754 168 801 Te
194 755 394 818 fugiens,
429 755 715 817 fratremque
740 757 926 818 Tyren:
963 774 1198 821 curruque
1222 763 1407 807 volutus

96 846 254 892 Caedit
280 845 547 892 semanimis
573 844 862 893 Rutulorum
886 848 1095 895 calcibus
1118 866 1241 896 arva.

92 936 167 982 Ac
194 936 335 992 velut,
368 947 534 997 optato
558 936 707 982 ventis
735 938 894 984 aestate
918 941 1107 998 coortis,
1308 957 1399 1005 405

91 1021 310 1086 Dispersa
329 1024 531 1071 inmittit
557 1024 680 1071 silvis
705 1025 921 1074 incendia
945 1030 1102 1092 pastor
1116 1046 1130 1085 ς

133 1182 206 1214 399.
223 1180 340 1216 propter
354 1173 386 1204 in
403 1173 465 1204 fine
477 1178 550 1204 tert.
561 1174 730 1212 Rottend.,
754 1182 789 1205 ut
806 1174 842 1206 fit
859 1186 968 1218 prope.
1013 1177 1134 1209 Eadem
1150 1179 1286 1210 varietas
1311 1179 1400 1212 alibi.

88 1225 320 1257 Burm.1audat
336 1225 376 1257 ad
397 1226 495 1256 Ovid.
515 1227 594 1256 Met.
614 1227 656 1263 V,
680 1235 918 1267 159.—-'-—4oo.
944 1229 1000 1258 Illo
1025 1229 1329 1269 l’arrhafi——40L
1354 1235 1399 1263 dee·

87 1283 199 1306 rexerat
226 1278 322 1307 Rom.
356 1283 388 1307 et
423 1277 561 1313 Medic„
602 1285 636 1308 ut
664 1278 912 1315 alibi.-—--402.
944 1280 1050 1310 ‘seuera
1076 1282 1213 1313 Dorvill.
1264 1283 1398 1314 ‘Teucrum

88 1327 188 1357 Goth.
204 1335 277 1358 tert.
325 1328 393 1357 Nec
409 1337 485 1358 vero
500 1328 624 1357 ‘Teuthra
640 1339 712 1359 cum
725 1329 833 1359 Servio
849 1341 866 1360 a
887 1330 1036 1369 Teuthras,
1058 1345 1095 1369 α,
1116 1333 1158 1363 est
1175 1335 1397 1374 repetendum,

84 1379 138 1410 sed
154 1389 172 1409 a
191 1378 339 1416 Teuthras,
359 1381 444 1415 antis,
465 1378 549 1408 unde
565 1380 721 1418 Teuthra,
743 1388 777 1410 ut
794 1382 917 1424 Τεύθξαν
941 1389 973 1413 et
990 1382 1108 1426 Τεύθξκ.
1199 1393 1275 1423 403.
1306 1386 1397 1427 ‘I'Jyrin

85 1431 195 1467 Rom„
214 1441 252 1460 ex
268 1430 353 1473 Τύξις.
443 1439 517 1468 405.
533 1437 626 1471 optatu
642 1440 718 1462 vett.
735 1432 806 1463 edd.
823 1442 895 1464 ante
912 1434 995 1464 Pier.
1013 1444 1085 1465 cum
1097 1435 1229 1477 Ald.pr,
1245 1446 1277 1468 et
1294 1439 1387 1470 codd.

84 1480 231 1511 nonnulli
245 1482 327 1522 apud
342 1479 447 1510 Heins-
467 1487 497 1510 et
518 1481 629 1513 Burm.
659 1490 689 1512 et
703 1482 765 1512 duo
783 1482 897 1520 Geth„
919 1494 1108 1525 perperaum
1131 1495 1196 1516 non
1212 1487 1298 1517 enim
1314 1491 1393 1531 astas

82 1539 223 1572 optatur,
243 1532 295 1562 sed
312 1531 344 1561 in
361 1530 466 1561 aestate
482 1533 558 1561 venti
573 1544 655 1562 aura.
700 1533 808 1573 Itaque
825 1534 910 1564 recte
923 1534 1119 1572 vetustiores,
1140 1537 1226 1576 quod
1242 1538 1363 1569 editum
1375 1548 1393 1571 a

85 1584 260 1625 Naugerio,
286 1590 386 1625 optato,
411 1582 443 1613 h.
460 1593 497 1613 ex
513 1590 600 1619 voto,
623 1591 657 1614 ut
672 1583 751 1614 bene
772 1585 898 1615 Servius
919 1586 1072 1627 explicam
1107 1587 1162 1618 sed·
1184 1589 1266 1620 male
1293 1591 1393 1621 inter-

79 1637 235 1680 pungitur
250 1635 283 1665 in
301 1634 408 1665 Heius.
422 1642 454 1664 et
472 1635 581 1664 Burm.
599 1642 697 1677 optata,
729 1637 831 1668 ventis.
879 1636 980 1668 Porro
1009 1637 1068 1670 sec.
1102 1639 1258 1673 Rottend.
1287 1650 1391 1684 ‹aptatu-

166 1685 242 1724 4062
268 1686 428 1727 Dispeesam
445 1683 558 1715 Parth.

765 1804 887 1845 silvam
908 1807 1072 1846 incendit
1087 1819 1122 1847 et
1135 1809 1278 1848 flamma
1291 1814 1385 1852 laera„

759 1869 842 1895 tur:
871 1861 967 1909 quod
983 1871 1041 1897 aut
1055 1862 1199 1899 stultum
1217 1876 1277 1900 aut
1297 1866 1384 1904 faci-

759 1910 927 1948 norosum
955 1911 1139 1949 hominem
1169 1915 1291 1964 prodit
1307 1933 1317 1962 3
1347 1932 1385 1957 et

77 1805 235 1842 Cerdam
254 1815 288 1842 et
301 1804 424 1842 Burm.
454 1804 602 1858 Quanto
616 1806 697 1844 fim-

75 1858 204 1913 plicius
238 1857 419 1894 Homerus
449 1857 557 1897 Iliad.
575 1876 604 1903 ε,
634 1862 695 1897 8ι.

78 1914 140 1948 82.

129 1973 200 2012 399
230 1961 282 2010 sq.
326 1960 441 1997 Pallas
479 1959 695 2006 Rhoeteum,

69 2017 373 2064 praetefitglcntem
426 2011 535 2062 bigis,
589 2026 634 2050 ne
674 2027 694 2050 a

74 2065 298 2101 Teuthrante
327 2073 362 2100 et
380 2064 485 2111 Tyre
521 2064 692 2102 fratribus

71 2114 352 2159 interimeretur,
410 2115 506 2151 hasta
540 2115 688 2165 trajicit.

70 2165 128 2203 Ita
147 2167 219 2203 Ilus
239 2176 390 2204 mortem
407 2165 549 2216 effugit,
584 2180 689 2217 quem

73 2219 189 2256 Pallas
207 2218 276 2254 hoc
296 2219 367 2255 telo
384 2218 546 2268 petierat.
599 2232 690 2268 404.

69 2270 129 2306 Sic
142 2280 176 2306 et
193 2269 258 2306 inf.
276 2283 310 2306 v.
329 2282 416 2320 73¹·
471 2268 580 2319 Qod
618 2271 690 2307 Ru-

66 2321 209 2358 tulorum
237 2336 333 2358 arva
368 2333 432 2370 pro
450 2319 525 2357 solo
556 2319 690 2370 posuit,

67 2383 211 2410 ornatus
230 2373 345 2410 cauffa
363 2373 463 2409 fecit.
518 2386 592 2424 405
612 2373 687 2423 sqq.

68 2424 306 2474 Comparatio
349 2423 396 2460 ad
440 2422 688 2461 Homericum

65 2477 266 2526 exemplum
285 2475 499 2512 concinnata
528 2475 633 2512 Iliad.
649 2486 688 2520 λ,

71 2539 310 2578 ιςς-ιςγ,
355 2526 447 2563 forte
477 2539 618 2577 quoque
652 2545 686 2571 v,

63 2591 140 2628 490
172 2577 247 2628 sqq.
304 2579 419 2628 Supra
447 2577 595 2615 similem
629 2579 685 2615 lo—

64 2643 148 2666 cum
168 2629 325 2666 vidimus
356 2629 422 2667 lib.
441 2629 494 2672 11,
532 2643 606 2679 304

756 1963 923 2012 quorsum
966 1963 1117 2000 omnino
1160 1966 1227 2002 hoc
1271 1971 1385 2017 perti-

759 2023 834 2057 net,
864 2023 903 2050 ut
933 2014 1013 2064 quis
1045 2015 1083 2051 in
1119 2017 1238 2053 media
1267 2023 1382 2060 aestate

757 2065 927 2102 incendat
963 2066 1092 2103 filvas?
1128 2068 1197 2105 hoc
1229 2071 1380 2120 quidem

754 2116 939 2167 quomodo
956 2118 1097 2167 placere
1115 2130 1175 2155 aut
1193 2125 1379 2170 quomodo

753 2171 870 2217 po'etae
887 2169 1053 2206 excidere
1067 2172 1224 2219 potuerit
1236 2185 1308 2211 non
1322 2178 1377 2212 vi-

753 2219 837 2257 deo.
892 2219 1030 2257 Verum
1049 2234 1113 2262 nec
1134 2226 1252 2271 poe'tae
1270 2229 1376 2278 eulpa

753 2283 795 2307 ea
809 2271 870 2315 est,
896 2270 954 2308 sed
970 2272 1218 2321 interpretum,
1247 2278 1377 2326 quifil-

754 2335 835 2359 vam
867 2336 939 2359 non
975 2324 1167 2362 meminere
1200 2328 1266 2363 effe
1289 2329 1325 2367 h.
1346 2331 1379 2374 l.

752 2373 894 2423 stipulas
911 2374 990 2425 agri
1007 2375 1162 2420 demeffij
1190 2391 1274 2426 quas
1293 2382 1372 2430 pas.

751 2434 808 2461 tor
836 2426 894 2462 seu
922 2426 1072 2463 omnino
1090 2429 1233 2477 agrestis
1250 2432 1293 2468 ad
1315 2432 1369 2470 so·-

750 2476 826 2513 lum
845 2479 1074 2514 recreandum
1094 2479 1268 2518 incendit.
1307 2484 1383 2522 Siu-

735 2527 873 2576 filvam
889 2529 987 2565 dixit
1005 2528 1113 2567 Maro
1142 2531 1186 2566 de
1214 2532 1370 2582 legumi*

750 2591 834 2617 num
853 2579 999 2617 calamis
1018 2579 1090 2618 Ge.
1111 2580 1145 2624 I,
1173 2581 1234 2631 76.
1263 2594 1298 2621 et
1321 2587 1368 2624 de

610 2659 620 2674 ,
647 2639 683 2666 et
747 2629 866 2668 herbis
883 2631 997 2674 lib.1,
1019 2644 1103 2683 152,
1130 2642 1165 2668 et
1183 2634 1252 2670 hoc
1267 2636 1366 2675 sensu

65 2680 137 2718 Ge.
151 2680 203 2723 11,
226 2694 296 2729 303
316 2680 384 2730 sq.,
410 2679 449 2717 in
476 2681 606 2730 quibus
626 2681 682 2718 vel
744 2682 908 2732 expressit
956 2683 1077 2720 locum
1116 2684 1251 2723 Lucan.
1288 2687 1364 2734 IX,

64 2732 212 2768 incauto
241 2735 295 2769 vel
323 2731 451 2781 ignaro
470 2734 607 2782 pastore
623 2733 678 2770 in-

63 2784 231 2820 cendium
251 2784 424 2821 exoritur.
455 2783 540 2820 Hoc
560 2795 676 2823 autem

750 2736 819 2771 182
835 2733 913 2784 sqq.
967 2735 1055 2784 406.
1074 2736 1213 2785 dsperstz
1230 2738 1366 2788 epithe-

744 2795 808 2822 ton
825 2785 870 2821 ab
885 2798 943 2830 eo,
971 2785 1067 2835 quod
1083 2788 1253 2837 seqnitur,
1272 2790 1364 2829 sum-

60 2831 144 2871 loco
175 2835 290 2883 pastor
323 2835 444 2873 volens
482 2835 677 2886 lubensque
743 2846 843 2874 turn:
879 2837 980 2888 quod
998 2836 1031 2874 se
1048 2838 1218 2889 dispergit
1238 2841 1360 2878 incen-

111 2884 229 2923 Tou.
256 2884 328 2925 ΠΙ,

794 2887 824 2924 Ε
850 2899 871 2926 e
1229 2891 1331 2931 dium
1346 2906 1360 2932 ε
