1847 3313
413 248 823 306 AENEIDos,
876 245 1029 295 LIB.
1067 243 1139 295 X.
1341 248 1439 303 407-

45 394 87 456 ><
129 383 321 432 Crimen
339 398 472 429 amor
496 382 714 437 vestrum,
735 380 994 442 formaeque
1012 377 1190 441 insigne
1207 384 1440 438 paternaea.
1460 389 1495 425 με,

126 477 345 538 Namque
371 473 542 529 ferunt,
556 472 684 517 lustu
705 470 922 531 Cycnum
940 463 1246 512 Phaethontis
1271 457 1434 513 amati,

126 563 354 626 Populeas
376 560 500 606 inter
520 558 696 605 frondis
715 556 1026 616 umbramque
1050 553 1260 599 sororum
1346 563 1443 612 19Q.

126 652 258 699 Dum
274 648 416 704 canit,
459 658 504 692 et
527 645 744 692 maestum
769 643 909 689 Musa
933 643 1100 689 solatur
1121 656 1356 697 amorem,

128 743 389 789 Canentem
413 737 546 784 molli
568 736 732 800 pluma
755 733 932 781 duxiffe
957 733 1189 780 senectam
1204 756 1219 788 ;

174 894 249 926 188.
260 897 371 936 firma>
385 906 446 937 quae
463 892 610 924 Waddel.
627 890 860 923 Animadverff.
880 890 950 921 crit.
961 900 994 932 p.
1012 899 1071 930 333
1095 901 1158 932 quo
1169 889 1288 926 frustu,
1310 897 1375 919 non
1388 887 1436 918 vi..

127 945 197 976 deo.
242 947 329 977 Mihi
345 955 432 977 totus
443 946 548 976 versus
560 956 576 975 e
593 944 736 985 margine
750 942 899 985 irrepsisse
916 943 1042 974 videtur
1059 953 1068 973 ι
1093 943 1138 973 ita
1152 942 1301 973 consutus
1327 939 1371 971 est
1395 949 1439 973 en

124 994 207 1027 binis
218 997 382 1028 sententiis
393 996 553 1027 hiantibus
567 1008 575 1028 :
601 1003 671 1026 tum
685 994 792 1026 turbat
809 995 908 1025 totius
917 993 977 1024 loci
991 993 1193 1031 seutentiam,
1217 1000 1250 1024 et
1265 991 1319 1022 illa
1331 1003 1339 1022 ε
1368 990 1436 1020 Cri-

124 1059 182 1077 men
197 1060 273 1078 amor
289 1050 406 1091 vestrum
422 1058 479 1089 per
494 1047 523 1078 se
545 1047 669 1077 nulium
685 1045 802 1076 habent
828 1045 1034 1076 commodum
1050 1044 1185 1082 sensum,
1211 1054 1251 1075 ne
1268 1050 1340 1073 tum
1364 1041 1435 1082 qui-

124 1096 210 1136 dem,
234 1098 255 1130 fi
271 1100 378 1140 verfim
393 1100 490 1140 iryigne
516 1097 613 1138 legas,
635 1107 707 1138 pr0,
726 1095 841 1137 insigni
857 1095 968 1126 formae
985 1095 1095 1128 versae.
1141 1094 1202 1126 Sed
1228 1092 1434 1134 adscripscrat

124 1148 237 1190 aliquis
251 1160 258 1180 :
272 1153 394 1192 surgunt
408 1152 439 1180 de
454 1152 554 1178 vertice
563 1156 681 1190 pennae:
714 1149 823 1188 formae
837 1148 936 1190 l'sfigm'
945 1154 1080 1189 paternoe.
1123 1145 1290 1189 Supplevit
1306 1143 1437 1174 versum

126 1200 251 1242 ineptus
265 1200 362 1231 homo
375 1211 411 1230 ex
427 1199 549 1241 reliquo
566 1198 705 1235 Scholio‚
726 1198 810 1239 quod
835 1199 1027 1240 adscriptum
1052 1207 1120 1229 erat
1137 1199 1175 1229 de
1192 1197 1307 1229 incesto
1324 1205 1434 1225 amore

128 1251 229 1292 Cycni
242 1252 273 1282 in
289 1251 539 1282 Phaethontem.
588 1252 661 1292 Jam
675 1249 734 1279 hoc
755 1249 843 1279 versu
855 1249 957 1290 ejesflm
975 1259 1070 1290 quam
1082 1249 1163 1279 bene
1176 1248 1347 1291 procedant
1363 1257 1434 1276 om-

125 1301 188 1339 nia,
210 1313 267 1343 pro
281 1302 309 1332 se
326 1303 454 1343 quisque
469 1300 630 1342 intelligit.
679 1299 785 1330 Aliam
801 1300 871 1330 iniit
884 1300 970 1330 viam
982 1300 1032 1330 vir
1047 1300 1170 1338 doetus,
1180 1302 1320 1331 Ouwens
1332 1297 1432 1329 No&-

127 1353 215 1394 Hug.
235 1354 288 1390 111,
311 1362 362 1392 27,
386 1352 439 1393 qui
457 1361 550 1382 omne
567 1351 682 1381 vitium
699 1351 731 1381 in
747 1350 853 1381 verbis
871 1351 974 1392 Cinyra
989 1358 1015 1380 et
1026 1351 1139 1392 quaerit
1151 1358 1183 1382 et
1197 1349 1369 1392 relinquit3
1394 1356 1432 1379 ut

126 1413 238 1445 agatur
251 1405 289 1434 de
306 1415 368 1434 uno
384 1404 557 1445 Cupavone
571 1413 579 1440 3
603 1409 636 1432 ut
651 1409 750 1443 pennae
761 1403 867 1431 olorinae
879 1401 936 1432 sint
948 1412 1003 1443 per
1018 1402 1247 1444 appositionem
1258 1402 1432 1443 iqsz'gnefhr-

124 1467 178 1486 mae
189 1463 318 1496 patcrnae
334 1454 447 1495 Cycni,
469 1461 500 1483 et
515 1455 626 1489 ινὶηιεη,
651 1451 751 1482 cauffa
772 1452 853 1482 tanti
880 1451 1058 1488 infortunii,
1079 1466 1168 1490 amor,
1192 1452 1297 1483 luistus
1312 1451 1432 1482 nimius

125 1505 157 1536 in
176 1506 390 1537 Phaethontis
403 1512 516 1537 morte.
554 1504 670 1546 vgstrum
686 1514 744 1544 pro
760 1510 864 1534 tuum.
901 1504 1008 1545 Qam
1021 1504 1099 1534 dura
1115 1511 1146 1534 et
1159 1503 1266 1534 coaeta
1282 1503 1350 1533 haec
1361 1502 1436 1542 sint,

123 1558 215 1591 facile
231 1559 356 1590 sentias.
403 1559 476 1588 Non
501 1556 639 1587 multum
652 1556 771 1587 recedit
787 1556 882 1586 tertia
910 1556 1004 1593 ratio,
1027 1567 1124 1597 quam
1140 1556 1316 1587 Brunckius
1332 1558 1373 1588 V.
1392 1557 1434 1589 C.

124 1610 246 1648 intulit,
268 1610 524 1652 interpunc‘tione
541 1616 687 1639 mutata:
716 1616 840 1650 pennae:
866 1609 987 1646 Crimen,
1008 1611 1109 1646 Amor,
1129 1610 1258 1652 vestrum,
1272 1611 1434 1650 formaeqne

122 1663 362 1704 i<1fignepaternae.
408 1661 482 1690 Non
495 1659 608 1690 licebat
623 1658 739 1699 assequi
755 1658 888 1696 sensum,
910 1658 967 1689 nisi
983 1666 1058 1689 nota
1070 1658 1228 1700 inspecfta3
1265 1670 1282 1690 e
1302 1669 1364 1700 qua
1375 1669 1432 1701 ap..

125 1722 227 1756 paret,
249 1711 288 1743 fic
304 1711 523 1752 accipiendum
548 1709 630 1740 effe:
662 1721 725 1751 quae
739 1716 847 1751 pemzae,
868 1722 882 1739 ο
895 1711 996 1747 Amor,
1017 1711 1135 1750 tihifimt
1150 1712 1269 1743 crimini.
1315 1710 1433 1752 Exlgat

123 1766 191 1798 haec
206 1775 286 1795 unus
301 1763 430 1804 quisque
447 1773 504 1804 pro
520 1762 550 1793 se
567 1770 598 1792 et
609 1761 728 1799 videat,
749 1771 788 1791 an
805 1761 896 1792 valde
921 1761 1030 1792 mollia
1049 1772 1086 1792 ea
1112 1761 1182 1800 fint,
1204 1770 1235 1793 et
1251 1772 1431 1793 accommo-

123 1818 197 1847 data
213 1814 352 1855 reliquis.
401 1813 554 1843 inciderat
572 1812 604 1842 in
617 1812 750 1842 eandem
760 1811 916 1842 rationem
932 1813 982 1854 J0.
996 1811 1186 1843 Schraderus
1200 1812 1233 1842 in
1249 1811 1378 1850 schedis,
1399 1820 1432 1844 et

121 1867 229 1899 laudat
260 1865 367 1896 versus
395 1864 479 1894 Ciris
505 1862 567 1902 328
597 1864 663 1893 Non
685 1876 730 1904 ego
753 1869 778 1892 te
797 1873 876 1893 conor
900 1864 1029 1900 Ivlcfiere,
1050 1863 1152 1900 Amor,
1174 1870 1234 1894 etc.
1277 1863 1377 1893 Versu
1392 1862 1434 1895 ad·

123 1929 232 1951 meum
246 1916 402 1958 judicium
418 1915 520 1956 ejedio
536 1925 599 1945 non
612 1914 679 1945 hiat
695 1913 860 1951 sententia,
881 1913 934 1944 fed
949 1913 1051 1944 multo
1069 1913 1170 1955 magis
1186 1914 1269 1944 coit:
1294 1924 1432 1955 namque

122 1970 266 2001 redditur
283 1966 383 1999 cauffa
399 1967 474 2007 ejus,
500 1966 584 2007 quod
604 1967 778 1996 antecedit:
803 1966 888 2007 quod
904 1965 1041 1996 olorinas
1055 1976 1174 2006 pennas
1187 1976 1245 2007 pro
1261 1966 1351 1997 crista
1363 1967 1432 2008 ges-

121 2029 168 2054 tat
185 2022 317 2061 Cupavo
333 2029 339 2048 :
365 2028 501 2057 namque
517 2017 623 2048 ferunt
639 2025 763 2058 patrem
780 2017 813 2047 in
828 2016 949 2047 olorem
961 2015 1020 2047 effe
1033 2023 1204 2048 mutatum.
1224 2017 1357 2058 Namque
1370 2029 1431 2060 pro

118 2071 159 2108 δή,
174 2070 288 2106 δηλαδὴ,
310 2068 612 2106 scilicet‚nimirum‚
631 2067 782 2106 sollenne,
802 2079 834 2101 v.
852 2078 879 2100 c.
895 2068 961 2110 sup.
979 2066 1051 2105 148.
1069 2068 1147 2104 XII,
1167 2076 1240 2107 247.
1257 2069 1318 2107 IX,
1333 2078 1376 2106 40
1397 2077 1431 2102 et

121 2124 161 2155 al.
254 2122 327 2162 189.
339 2120 484 2150 amicisec.
498 2119 651 2150 Rottcnd.
671 2120 811 2149 Pethontis
830 2120 926 2150 Rom.
1021 2126 1092 2159 190.
1118 2118 1154 2148 P.
1171 2130 1220 2158 que
1233 2120 1304 2149 inter
1319 2120 1429 2152 Franc.

122 2175 278 2214 umbrasque
294 2169 434 2202 Parrlids.
481 2171 626 2210 umbraque
645 2169 724 2200 alter
748 2169 1046 2209 Mentel.——191.
1071 2161 1112 2198 εἶτ.
1141 2178 1197 2209 pro
1224 2175 1303 2199 cantu
1332 2169 1429 2201 habet

121 2223 266 2257 Parrhas.
285 2233 342 2264 pro
359 2223 461 2262 Μιψα.
553 2229 624 2263 192.
653 2221 686 2250 G.
702 2233 740 2252 m.
755 2228 845 2262 penna
856 2218 955 2251 Goth.
971 2225 1044 2249 tert.
1077 2219 1187 2260 semeia
1202 2218 1295 2252 Leid.
1306 2227 1338 2252 et
1353 2227 1428 2252 tert.

127 2273 287 2308 Rottend.

121 2386 216 2424 Mox
250 2398 285 2421 v.
327 2394 395 2433 192
425 2381 544 2418 ferunt
573 2380 741 2430 Cycnum

119 2439 261 2488 duxffl,
287 2433 463 2472 induxisse
491 2432 571 2476 fibi,
599 2433 742 2468 nactum

120 2491 202 2531 effe,
241 2492 413 2536 senefiam
452 2496 618 2521 canentem
655 2482 746 2519 molli

115 2541 249 2593 pluma,
278 2536 448 2574 candidas
483 2536 633 2584 plumas,
665 2546 744 2583 quae

120 2603 187 2644 pro
224 2589 322 2626 canis
347 2587 479 2632 effent3
524 2585 630 2622 Exile
647 2587 743 2628 eilet,

122 2643 147 2680 fi
168 2641 362 2690 acciperes:
391 2650 472 2675 eum
487 2637 624 2687 duxg'ffl,
651 2635 743 2686 egis-

123 2694 174 2735 se,
205 2696 373 2745 senefiam
407 2699 572 2727 canentem
612 2687 744 2737 pluma,

123 2744 170 2782 fic
190 2752 229 2780 ut
243 2741 387 2779 haberet
401 2740 537 2790 plumas
556 2753 619 2790 pro
635 2737 745 2781 canis,

125 2795 166 2841 in
183 2805 340 2851 cycnum
358 2801 535 2835 mutatus3
582 2790 634 2828 uti
668 2789 745 2829 fere

809 2381 1004 2420 Claudian.
1043 2381 1099 2418 VI
1137 2381 1247 2421 Cons.
1283 2382 1430 2424 Honor.

813 2446 880 2484 171
905 2435 1140 2484 Mutatumque
1159 2439 1270 2482 senem
1282 2436 1430 2485 plum1'53

809 2496 843 2522 et
865 2484 1068 2522 Nemefian.
1104 2485 1248 2536 Cyneg.
1278 2499 1322 2538 37
1346 2489 1432 2537 Cyc-

808 2552 886 2575 num
915 2536 1123 2587 plumamque
1138 2538 1288 2585 stm‘lem.
1341 2539 1430 2576 Alia

809 2587 929 2624 fabula
963 2587 1057 2641 apud
1086 2587 1253 2624 Etruscos
1283 2588 1351 2626 fuit
1384 2591 1431 2628 de

811 2639 991 2682 Tarcone,
1020 2648 1058 2674 ut
1082 2651 1102 2675 e
1119 2638 1237 2676 strab.
1258 2638 1309 2684 V,
1344 2655 1429 2692 pag.

812 2690 886 2738 336
904 2690 936 2725 A
956 2688 1120 2739 colligas,
1147 2702 1252 2739 quern
1285 2705 1430 2743 propter

810 2741 1038 2791 prudentiam
1054 2753 1073 2776 a
1091 2741 1207 2791 pueris
1218 2740 1302 2779 inde
1313 2759 1430 2782 canum

814 2794 950 2842 (πολιὸν)
968 2791 1069 2829 fuisse
1088 2792 1298 2837 narrabant3
1326 2796 1430 2832 addit

1269 2843 1429 2886 EUstatha
