1847 3313
433 276 551 325 AD
608 236 985 326 LIBRUNl
1037 278 1152 327 ΧΠ.
1349 294 1433 343 7²1

120 420 219 445 ‘rum
250 407 373 446 AEneae
397 418 434 446 et
461 408 645 447 intervalli
674 409 769 448 inter
797 411 994 449 Lavinium
1024 421 1060 449 et
1080 412 1215 450 Albam
1241 410 1442 452 conditam,

138 467 240 518 quod
268 469 378 507 XXX
407 483 584 507 annorum
623 471 684 513 est,
727 470 833 508 facile
862 471 1096 523 intelligitur,
1138 471 1263 509 saltem
1292 470 1338 508 ad
1367 483 1440 520 397

138 528 199 565 vel
229 532 302 579 398
329 542 443 566 annos
471 530 606 566 Albani
635 530 742 581 regni
771 530 880 577 usque
910 531 957 568 ad
984 532 1144 569 Romam
1168 531 1356 568 conditam
1376 543 1442 566 an-

136 589 240 629 nales
259 589 472 643 procedere.
528 590 572 626 In
601 590 666 626 hos
695 603 823 640 regum
854 591 1002 629 nomina
1029 602 1065 628 et
1078 602 1212 634 annm,
1240 604 1307 641 pro
1325 590 1442 628 lubitu

137 640 260 697 potius
282 661 392 698 quam
407 659 524 690 certa,
552 659 657 698 puto,
686 649 917 695 auctoritate,
945 649 1202 702 dispertierunt
1221 641 1412 699 scriptores
1431 663 1442 686 :

139 716 181 744 ut
208 708 305 758 apud
338 708 556 758 Dionysium
589 719 624 745 et
657 708 855 746 Eusebium
891 709 1018 747 videre
1054 709 1155 747 licet.
1209 709 1443 750 Rotundum,

137 781 247 817 quem
263 768 435 811 dicimus,
463 781 656 805 numerum
685 768 830 805 CCCC
859 781 1035 806 annorum
1053 767 1166 805 edunt
1184 781 1266 806 curn
1286 769 1349 806 alii
1365 780 1443 806 tum

138 830 273 872 Strabo
292 831 340 867 V.
368 843 407 880 p.
438 841 512 881 330
532 829 580 866 C.
607 831 735 878 ‘'Yfegov
764 828 795 866 δὲ
826 831 1051 880 τετξκκοσιόις
1077 832 1182 873 ἔτεσιν
1211 830 1366 880 {foggin-xz
1393 833 1442 868 τὰ

136 889 213 939 meg)
233 891 392 935 Ἀμέλιον
420 897 492 926 etc.

192 950 277 998 Qa
293 949 419 999 itaque
442 947 658 985 auetoritate
677 946 880 998 Virgilium
901 946 1098 985 adduftum
1116 948 1277 986 dicemus
1292 949 1362 988 hoc
1381 947 1445 987 fibi

138 1006 306 1051 sumsisse,
332 1018 370 1044 ut
388 1019 565 1044 armorum
598 1019 788 1043 numerum
814 1009 1000 1043 mutaret?
1050 1005 1219 1044 Proclive
1239 1009 1288 1045 est
1305 1009 1443 1052 dicere,

138 1080 224 1104 eum
243 1068 307 1105 fibi
327 1078 515 1118 tamquam
533 1067 653 1116 poe'tae
681 1066 751 1103 hoc
778 1066 890 1104 licere
917 1065 1068 1115 putasse.
1124 1066 1193 1103 Sed
1224 1067 1364 1106 dofflor
1393 1071 1443 1107 est

138 1128 251 1178 poeta
280 1125 484 1176 Virgilius,
512 1138 623 1176 quam
656 1134 696 1162 ut
714 1125 785 1162 sme
807 1125 944 1167 ratione
966 1124 1165 1175 quicquam
1186 1127 1359 1165 adversus
1380 1142 1444 1166 no-

139 1189 306 1228 ziffimam
322 1187 550 1225 historiarum
571 1186 678 1224 fidem
695 1187 838 1224 novaffe
856 1197 918 1223 aut
938 1185 983 1222 ab
1002 1187 1103 1224 omni
1122 1188 1263 1226 ratione
1275 1190 1445 1228 receffiffe

139 1248 262 1286 videri
290 1248 438 1286 debeat.
493 1246 618 1284 Potuit
648 1245 783 1291 scilicet
803 1246 900 1283 aliud
925 1247 1091 1296 computi
1110 1260 1335 1287 momentum
1359 1263 1448 1290 con·

139 1310 299 1352 stituere,
328 1319 366 1346 ut
380 1308 480 1347 intra
495 1306 646 1345 Romuli
665 1316 701 1343 et
719 1306 828 1343 Remi
845 1306 981 1343 natales
1002 1307 1196 1347 subsisteret
1213 1324 1221 1347 :
1262 1311 1331 1347 Hic
1344 1313 1444 1361 jam,

141 1368 277 1419 inquit,
295 1379 474 1406 tercentum
492 1377 572 1404 totos
590 1364 795 1416 regnabitur
811 1381 913 1405 annos
932 1366 1113 1416 Gentesttb
1124 1369 1289 1407 HeHcrea
1305 1386 1319 1408 .·
1348 1373 1447 1408 donec

137 1432 260 1479 regina
279 1430 439 1478 sacerdos
456 1428 576 1464 Marte
597 1430 732 1476 gravis
752 1429 921 1477 geminam
941 1436 1051 1477 partu
1070 1427 1169 1465 dabit
1188 1430 1260 1466 Ilia
1281 1431 1407 1480 prolem
1427 1446 1441 1468 :

137 1490 226 1528 Inde
253 1500 323 1526 etc.
380 1487 576 1525 Subductis
597 1488 670 1525 XX
689 1487 748 1524 vel
768 1487 878 1525 XXX
903 1488 1021 1530 annis,
1056 1489 1187 1538 quibus
1207 1491 1448 1529 adoleverant

139 1549 317 1588 Romulus
345 1557 383 1586 et
413 1548 570 1590 Remus,
597 1559 796 1597 antequam
825 1547 982 1584 Romam
1011 1549 1228 1594 conderent,
1264 1552 1445 1602 reliquum

140 1622 353 1651 numerum,
391 1619 429 1645 ut
450 1610 577 1659 poeta,
611 1608 723 1648 craffe
749 1607 922 1645 indicasse
955 1607 1073 1645 videri
1101 1612 1230 1659 potest.
1285 1613 1448 1653 Videtur

141 1669 256 1708 etiam
276 1669 448 1720 sequutus
464 1669 532 1706 esse
553 1681 727 1706 arcanum
741 1667 830 1718 quid
849 1679 885 1705 et
906 1670 1000 1718 Jove
1020 1669 1245 1708 vaticinante
1272 1673 1447 1724 dignum,

141 1740 182 1770 ut
206 1729 307 1767 sacro
326 1741 479 1766 numero
505 1728 748 1779 procederent
768 1728 918 1766 omnia:
956 1744 990 1779 3.
1015 1742 1076 1780 30.
1099 1742 1197 1777 3003
1226 1746 1310 1770 nam
1337 1735 1447 1772 tertio

141 1803 239 1828 anno
258 1790 392 1827 AEneas
417 1788 513 1826 inter
531 1789 662 1826 heroes
682 1788 866 1838 indigetes
884 1801 1066 1840 receptus,
1096 1791 1282 1841 trigesimo
1297 1795 1449 1832 condita

145 1850 257 1897 Alba,
283 1849 336 1893 ibi
354 1863 418 1899 per
437 1858 620 1887 trecentos
641 1861 754 1887 annos
770 1860 964 1898 regnatum
984 1864 992 1886 :
1022 1864 1104 1900 quae
1123 1852 1271 1901 Spencii
1292 1868 1362 1892 non
1389 1856 1448 1892 in-

138 1911 290 1960 elegans
316 1911 365 1947 est
390 1909 596 1947 observatio
624 1910 661 1946 in
689 1910 961 1947 Holdesworthi
989 1912 1076 1948 obss'.
1110 1924 1197 1962 pag.
1230 1926 1316 1966 2¹5·
1374 1916 1448 1954 Sed

143 1969 435 2021 simplicissimum
455 1970 502 2006 est
531 1969 670 2012 dicere,
706 1969 808 2006 fuisse
829 1970 915 2006 olim
935 1971 1113 2014 auctores,
1140 1972 1252 2021 inque
1272 1987 1332 2012 eos
1357 1970 1448 2013 Vir-

141 2030 274 2081 gilium
292 2029 472 2072 incidisse,
500 2030 564 2080 qui
590 2030 824 2068 intervallum
844 2030 933 2067 illud
953 2040 1157 2081 temporum
1177 2033 1285 2083 usque
1301 2035 1346 2071 ad
1373 2037 1450 2072 Ro-

142 2104 243 2130 mam
269 2089 457 2128 conditam
476 2089 672 2127 artioribus
696 2088 823 2126 finibus
854 2088 1081 2129 includerent
1103 2104 1111 2127 :
1158 2092 1256 2141 quod
1282 2093 1319 2131 in
1347 2105 1450 2133 tanta

144 2161 354 2203 temporum
374 2149 625 2200 antiquiorum
644 2148 803 2199 caligine
824 2158 861 2191 et
881 2148 1094 2186 difficultate
1113 2150 1245 2189 facturn
1265 2154 1359 2191 adeo
1378 2155 1449 2193 im,

143 2211 337 2263 probabile
369 2223 441 2249 non
471 2209 524 2252 fit,
552 2222 636 2246 eum
665 2208 779 2245 etiarn
808 2209 980 2258 Trogum
1009 2209 1160 2247 similem
1192 2214 1450 2252 austeritatem

143 2271 334 2322 sequutum
354 2270 422 2307 esse
441 2282 487 2307 ex
508 2269 647 2318 Justino
667 2268 907 2318 intelligatur,

197 2333 384 2369 Caeterum
412 2330 450 2368 in
478 2329 551 2372 his,
579 2343 658 2378 qua:
689 2342 709 2364 a
741 2328 843 2366 nobis
873 2329 1032 2377 exposita
1052 2329 1146 2371 sunt,
1175 2344 1259 2369 cum
1285 2345 1452 2371 comme·

145 2403 332 2430 morentur
362 2390 550 2432 nonnulla,
580 2403 658 2439 quat
688 2389 725 2425 in
755 2388 883 2438 primis
918 2390 1031 2426 statim
1060 2390 1162 2433 Livii
1191 2393 1250 2429 vel
1281 2394 1453 2443 Dionysii

145 2453 241 2490 foliis
257 2461 470 2492 occurrunt,
490 2460 596 2487 erunt
614 2450 725 2491 forte,
745 2449 807 2498 qui
824 2459 932 2486 acute
947 2450 1006 2486 fibi
1026 2450 1226 2488 observasse
1242 2452 1451 2498 videantur,

145 2511 299 2550 mesatis
316 2511 403 2548 trita
414 2508 672 2561 persequutum
694 2510 774 2547 effe.
831 2511 969 2548 Verum
988 2510 1025 2546 in
1045 2520 1122 2548 toto
1135 2511 1205 2549 hoc
1224 2526 1359 2563 genere
1378 2527 1452 2554 non

148 2572 275 2614 refert,
302 2570 390 2621 quid
418 2569 480 2607 alii
498 2569 675 2612 dixerint,
698 2569 754 2607 sed
779 2569 868 2619 quid
889 2582 984 2606 nunc
1003 2583 1024 2606 a
1046 2580 1081 2606 te
1100 2571 1294 2609 dicendum
1315 2573 1452 2618 suerit3

147 2644 227 2671 tum
247 2644 335 2669 vero
366 2631 456 2672 illud
487 2629 656 2680 inprimis
689 2629 967 2672 attendendum,
1007 2644 1093 2667 num
1126 2631 1188 2668 alii
1220 2632 1361 2674 easdem
1396 2647 1452 2674 res

146 2692 278 2731 eodem
293 2690 453 2740 judicio,
471 2689 601 2727 eodem
621 2689 785 2732 consilio,
804 2689 933 2726 eadem
950 2702 1038 2727 cura
1063 2703 1105 2726 ac
1129 2690 1322 2741 diligentia
1340 2705 1452 2743 expo,-

147 2751 296 2793 suerint.
350 2749 439 2788 Dici
457 2761 579 2787 autem
601 2748 664 2787 vix
682 2749 814 2801 potest,
842 2762 951 2798 quam
970 2762 1105 2806 parum
1120 2749 1263 2799 judicio
1293 2751 1355 2789 suo
1383 2755 1451 2791 tri-

199 2812 319 2850 ToM.
349 2809 419 2851 HL
829 2808 864 2851 Z
885 2823 906 2848 z
1344 2813 1455 2860 buere
