1847 3313
415 336 508 394 164
717 332 1223 382 EXCURSUS
1279 332 1400 380 vm

412 484 464 503 κες
494 471 541 504 τῙΞ
570 466 709 516 φσξεοντι
743 469 779 503 τό
809 467 914 512 τόξον,
945 483 1001 502 xxx
1034 469 1117 502 τέτο
1146 467 1240 503 κάτω
1262 464 1318 502 ἔπι
1341 464 1398 503 τῆν
1423 466 1482 511 ’γῆν
1505 462 1629 508 θέντες,
1657 457 1718 501 καὶ

415 530 488 574 τῇζῗ
480 543 520 561 ⁹7:
527 527 553 560 3.
571 531 616 562 τ]
633 529 670 575 ,723
666 542 739 574 ⁴3i5‘2
734 529 768 574 ᾦ
785 526 993 568 ἀντιβάντες,
1022 526 1106 561 ἔτως
1124 526 1332 570 εκτοξευὸσι,
1363 539 1418 561 την
1437 525 1534 572 νειξῆν
1551 522 1606 561 ἔπι
1622 525 1717 569 μέγα

413 588 465 621 ὄπ.
476 603 519 622 ω
550 589 588 622 02
579 587 801 632 τκγκγὸγτεκ
857 584 1037 619 Caeterum
1059 583 1292 633 Euripideum
1313 581 1551 631 fragmentum
1571 593 1617 617 ex
1635 579 1719 617 Me·

415 645 536 695 lengro
568 646 642 695 post
676 644 915 681 Scin-adetum
945 642 1130 679 illustravit
1162 642 1358 679 Valkenar.
1396 641 1434 678 in
1470 639 1637 677 Diatribe
1670 637 1718 676 de

415 706 544 756 fragm.
565 706 691 756 Eurip.
710 720 746 757 p.
773 719 856 757 ¹45·
912 703 1053 740 Laudat
1071 702 1280 740 AEtolorum
1308 714 1446 738 morem
1463 701 1573 738 etiam
1592 699 1718 737 Schol.

419 765 566 803 Pindari
603 765 708 815 P5th.
745 765 817 810 IV,
860 777 944 813 133,
971 762 1031 799 sed
1064 762 1155 799 nihil
1186 762 1271 799 inde
1289 774 1390 799 novae
1409 760 1499 797 lucis
1528 759 1719 810 expectan-

415 824 515 862 dum.
574 826 622 863 At
642 826 828 875 Lycurgus
848 824 979 860 Thrax
1000 821 1242 860 vitescaedens
1259 821 1372 859 securi
1398 819 1589 870 μονοκςηπὶς
1606 818 1654 856 est
1678 815 1720 854 in

416 882 687 935 Epigrammate
711 885 859 922 Anthol.
880 882 1003 933 Steph.
1022 895 1059 932 p.
1079 894 1167 933 315.
1222 880 1388 918 Analeei.
1408 879 1563 917 Brunck.
1589 887 1629 915 to
1645 875 1721 916 ΙΙΙ.

416 957 454 994 p.
473 957 558 993 213.
586 943 827 980 CCXCVII.

468 1002 609 1053 Copiae,
637 1016 724 1052 quas
742 1002 909 1053 Maeffirpus
933 999 1100 1044 adducit,
1127 1012 1162 1035 v.
1190 998 1257 1048 691
1296 997 1394 1050 sqq„
1421 1011 1467 1036 ex
1486 1000 1638 1036 Etruriae
1661 1008 1721 1034 ve·

418 1061 522 1099 niunt
551 1061 687 1099 urbibus
718 1060 777 1104 iis,
806 1073 885 1110 quae
918 1059 1077 1096 Graeeam
1107 1059 1260 1108 originem
1296 1058 1427 1095 habere
1455 1056 1721 1102 credebantur3

417 1134 529 1171 eaque
545 1121 591 1158 de
608 1121 721 1158 caussa
750 1119 832 1169 ipsse
852 1117 1008 1154 diversas
1025 1130 1045 1154 a
1063 1115 1210 1153 caeteris
1228 1127 1343 1167 partes
1361 1116 1461 1167 sequi
1477 1114 1723 1153 existimandae

418 1178 511 1217 sunt.
566 1179 623 1216 De
652 1178 811 1222 Faleriis,
841 1175 1048 1218 Fescennia,
1077 1176 1221 1213 Somne
1252 1186 1288 1212 et
1313 1175 1460 1226 Capena
1476 1187 1520 1212 ex
1543 1173 1723 1223 Dionysio

418 1253 484 1291 pro
515 1249 614 1276 certo
641 1238 679 1275 id
708 1237 856 1274 constat.
910 1235 980 1272 Sed
1010 1235 1226 1286 Messapum,
1258 1247 1342 1273 cum
1374 1234 1413 1271 in
1445 1235 1500 1272 his
1529 1246 1724 1272 commune

418 1299 569 1350 aliquod
603 1310 664 1336 aut
697 1299 818 1336 fictum
850 1297 1106 1347 inventumque
1140 1309 1272 1334 nomen
1306 1309 1439 1346 ponere
1472 1309 1547 1333 non
1581 1294 1723 1339 liceret,

418 1359 514 1396 unde
541 1363 648 1409 po'e'ta
667 1356 876 1394 arceffiverit
894 1365 955 1394 aut
973 1356 1010 1392 in
1028 1355 1210 1393 Etruriam
1239 1354 1471 1398 transtulerit,
1499 1368 1572 1393 non
1601 1354 1723 1394 video.

418 1417 536 1455 Sane
526 1431 564 1454 m
581 1427 739 1454 extrema
757 1415 863 1452 Italia
882 1416 943 1452 M
931 1417 1048 1465 ffapza
1077 1416 1138 1459 est,
1171 1415 1306 1452 Graeco
1333 1412 1494 1458 nornine,
1522 1423 1563 1450 ut
1589 1412 1722 1451 Strabo
1740 1438 1745 1441 -

416 1476 467 1514 ait
486 1476 552 1514 lib.
571 1475 608 1511 V
610 1476 644 1520 Ι,
673 1490 709 1526 p.
743 1487 815 1525 425
837 1474 880 1517 Β,
907 1474 1031 1510 eadem
1050 1473 1154 1524 Iade
1141 1479 1196 1510 oia
1211 1472 1321 1510 dieta.
1375 1471 1466 1509 Eam
1494 1484 1594 1509 oram
1613 1470 1724 1509 variis

419 1535 641 1586 temporibus
675 1534 794 1571 xarios
828 1532 999 1584 accepisse
1032 1546 1114 1570 curn
1151 1545 1197 1569 ex
1227 1531 1375 1582 Illyrico
1409 1540 1487 1569 turn
1522 1543 1543 1568 e
1577 1529 1723 1570 Graecia

418 1596 567 1632 colonos
592 1593 723 1631 mirum
739 1606 810 1629 non
836 1592 896 1629 est.
950 1590 1006 1627 Ex
1025 1590 1163 1639 Illyriis
1190 1591 1314 1640 utique
1331 1589 1432 1627 fuere
1458 1588 1588 1640 Apuli.
1641 1589 1724 1626 An·

417 1655 530 1705 tiqnis
549 1654 623 1702 jam
642 1653 861 1703 temporibus
887 1650 1024 1702 Pelasgi
1041 1651 1139 1688 circa
1157 1664 1198 1688 ea
1215 1650 1296 1688 loca
1311 1649 1560 1694 consederant,
1578 1651 1728 1689 Peucetii

417 1713 508 1751 dieti
537 1727 557 1749 a
587 1711 769 1756 Peucetio,
797 1725 902 1762 quern
932 1709 1081 1747 OEnotri
1098 1710 1246 1748 fratrem
1264 1709 1468 1747 ediderunt.
1522 1711 1724 1753 Peucetiam,

418 1775 590 1824 lajygcm,
622 1780 658 1808 et
676 1771 836 1808 Daunum
850 1770 973 1807 fratres
987 1779 1244 1806 memoraverat
1264 1767 1452 1806 Nicander
1468 1769 1563 1819 apud
1582 1769 1724 1806 Anton.

419 1833 505 1871 Lib.
527 1846 545 1881 3
556 1845 588 1870 ι.
641 1830 733 1867 Sane
752 1829 890 1868 Daunii
904 1843 977 1867 non
994 1829 1060 1866 nifi
1078 1842 1157 1879 pars
1177 1827 1428 1866 Peucetiorum
1443 1827 1603 1872 fuerunt,
1620 1836 1661 1864 ut
1677 1839 1724 1864 ex

417 1892 539 1928 Sti-ab.
559 1889 632 1934 VI,
660 1903 697 1939 p.
717 1902 788 1938 437
812 1888 870 1933 B„
902 1897 938 1925 et
963 1888 1119 1932 Antan„
1152 1887 1237 1926 Lib.
1259 1900 1300 1936 31
1324 1886 1474 1938 colligo.
1525 1885 1724 1925 Sallentinos

417 1952 463 1989 ab
493 1951 689 1988 Idomeneo
707 1949 895 1991 (ledaeos,
923 1947 991 1985 lib.
1024 1948 1094 1986 ΠΙ.
1123 1960 1198 1997 400
1227 1945 1394 1984 vidimus.
1422 1945 1472 1984 cf.
1501 1945 1632 1984 Strabo
1650 1945 1724 1990 VI,

419 2024 455 2060 p.
491 2022 567 2058 430
603 2010 650 2045 A.
705 2006 916 2044 Herodotus
940 2005 1008 2043 lib.
1039 2005 1131 2050 VII,
1161 2019 1196 2043 c.
1230 2017 1302 2055 170
1330 2004 1513 2054 Cretenses,
1547 2003 1612 2055 qui
1638 2016 1724 2041 cum

418 2070 577 2108 Minoe'
568 2082 607 2105 m
634 2066 796 2104 Siciliam
824 2074 1005 2109 venerant,
1031 2066 1215 2115 postquam
1233 2063 1320 2100 inde
1337 2062 1578 2108 discesserant,
1604 2062 1651 2100 ad
1668 2062 1725 2099 Ia-

419 2129 566 2180 pygiam
585 2126 768 2178 appulisse,
790 2125 1018 2175 Hyriarnque
1036 2122 1235 2161 condidisse
1255 2131 1401 2159 narrat:
1431 2122 1491 2160 nxz*
1512 2124 1726 2168 μεταβαλόν-

419 2206 499 2231 τας,
518 2187 593 2225 ἀντ)
607 2189 663 2232 μὲν
681 2192 776 2234 Κξητ
779 2189 816 2221 ὧν
843 2185 991 2230 Ιητυγας
1010 2182 1216 2221 Μεσσαπιές
1241 2179 1411 2227 «γενέσθαι.
1464 2181 1612 2220 Scilicet
1638 2195 1727 2220 con·

420 2248 581 2285 sederant
598 2245 692 2282 inter
711 2243 894 2287 barbaros,
912 2242 1099 2293 Meffapyg
1101 2255 1137 2278 as
1157 2241 1213 2278 vel
1228 2239 1421 2290 Meffapios
1437 2239 1553 2278 dictos
1570 2253 1727 2291 quorum

420 2307 569 2344 nomine
597 2303 662 2353 ipsi
693 2302 824 2339 deinde
854 2300 947 2338 censi
978 2300 1072 2338 sunt.
1126 2299 1296 2347 Illyricos
1330 2298 1394 2335 hos
1425 2297 1596 2336 barbaros
1623 2298 1726 2337 fuisse

419 2367 563 2405 credere
591 2365 691 2408 licet,
721 2372 756 2399 et
786 2363 856 2399 hoc
884 2361 980 2398 inter
1009 2369 1136 2398 caetera
1162 2358 1322 2396 fabulose
1340 2367 1481 2395 narrata
1507 2360 1599 2398 reste
1615 2359 1726 2397 tradit

422 2425 610 2466 Nicander
641 2422 737 2473 apud
767 2420 948 2458 Antonin.
983 2420 1106 2458 Liber.
1138 2432 1172 2457 c.
1205 2432 1266 2467 3¹·
1321 2418 1403 2456 Pars
1423 2431 1467 2456 ex
1484 2417 1530 2456 iis
1546 2418 1585 2456 in
1604 2419 1727 2457 Thra-

419 2487 518 2524 ciam
553 2483 710 2533 trajecit,
745 2481 809 2518 ubi
842 2480 985 2518 Bottiaei
1020 2479 1100 2517 sunt
1128 2477 1310 2530 appellati,
1339 2491 1376 2516 v.
1413 2477 1560 2515 Conon.
1595 2491 1629 2517 c.
1661 2492 1726 2530 25,

421 2545 539 2584 Strab.
566 2545 592 2582 l.
621 2556 655 2580 c.
677 2541 749 2586 VI,
778 2554 814 2590 p.
834 2553 906 2591 427
930 2539 973 2582 Β,
1000 2549 1036 2577 et
1052 2539 1106 2576 ibi
1125 2539 1236 2582 Not„
1265 2547 1301 2575 et
1319 2536 1446 2574 mansit
1463 2536 1553 2574 adeo
1570 2537 1729 2576 nominis

421 2603 595 2642 memoria
626 2601 665 2639 in
684 2609 804 2638 monte
823 2598 999 2649 Messapio
1018 2596 1248 2635 Macedoniae
1264 2594 1361 2647 apud
1379 2594 1608 2634 Aristotelem
1628 2597 1728 2635 Hist.

421 2663 552 2701 Anim.
572 2661 649 2706 IX,
676 2675 740 2713 45.
793 2659 907 2709 Supra
923 2667 1155 2696 memoratam
1183 2670 1228 2695 ex
1254 2654 1449 2695 Herodoto
1467 2654 1600 2694 famam
1618 2656 1728 2708 respi-

417 2725 473 2761 cit
496 2722 624 2760 Strabo
642 2720 709 2758 lib.
728 2718 801 2762 VI,
818 2731 854 2768 p.
872 2730 944 2769 427
967 2717 1007 2753 B.
1033 2727 1069 2755 et
1094 2731 1131 2768 p.
1151 2728 1240 2767 431·
1270 2725 1362 2764 432·
1396 2713 1470 2750 rAt
1497 2714 1563 2752 ubi
1591 2714 1653 2752 ille
1680 2715 1727 2754 de

423 2781 598 2832 Messapio
615 2788 737 2818 monte
755 2777 847 2829 agit,
866 2777 931 2815 lib.
950 2775 1027 2821 IX,
1046 2791 1082 2827 p.
1102 2777 1170 2814 621
1189 2776 1240 2813 A.
1260 2775 1318 2818 B„
1337 2773 1399 2811 cui
1413 2773 1609 2812 Anthedon
1644 2774 1730 2813 urbs

423 2842 577 2891 sub—ies&
596 2841 658 2885 est,
688 2849 826 2878 montem
851 2837 939 2878 hunc
956 2837 1097 2875 Boeonae
1126 2835 1177 2877 ait
1203 2849 1314 2874 nomen
1341 2848 1367 2891 a
1393 2833 1540 2887 Meffipo
1565 2834 1727 2887 babuffl,

1673 2898 1735 2945 qut*
