1847 3313
316 263 411 325 560
516 256 571 305 Ρ.
629 251 1013 304 VIRGILII
1068 253 1468 302 MARoms

315 389 732 456 Strymoniamque
747 404 931 451 gruem,
961 399 1042 433 aut
1059 386 1221 433 album
1240 383 1412 450 dejecit
1432 385 1630 432 olorem.

321 483 492 530 Multae
515 479 648 526 illam
674 478 837 525 frustra
858 476 1102 539 Tyrrhena
1125 491 1209 538 per
1225 475 1405 538 oppida
1428 486 1600 522 matres

319 572 557 633 Optavere
581 583 769 615 nurum.
840 565 947 612 Sola
969 575 1191 611 contenta
1215 562 1388 620 Diana,
1541 562 1631 622 582

319 659 574 706 sEternum
596 656 798 703 telorum
821 666 867 701 et
891 653 1176 717 virginitatis
1198 667 1411 699 amorem

320 748 603 795 Intemerata
626 747 757 794 colit.
825 745 1007 792 Vellem
1033 743 1154 791 haud
1175 753 1403 805 conrepta
1428 737 1583 788 fuiffet

327 835 511 884 Militia
530 835 627 892 tali,
661 846 828 880 conata
852 831 1065 879 lacessere
1088 830 1299 880 Teucros
1319 848 1330 876 :
1545 831 1634 890 585

330 927 449 974 Cara
473 926 592 974 mihi
615 924 943 984 comitumque
967 921 1087 967 foret
1110 937 1232 967 nunc
1258 936 1348 967 una
1373 933 1603 967 mearum.

331 1022 507 1069 Verum
523 1036 624 1083 age,
656 1015 1046 1080 quandoquidem
1070 1012 1177 1059 fatis
1198 1022 1427 1075 urguetur
1443 1010 1648 1067 acerbis,

335 1112 531 1166 Labere,
554 1107 800 1170 Nympha,
824 1104 952 1166 polo,
970 1102 1168 1165 finisque
1188 1100 1334 1148 invise
1359 1100 1574 1157 Latinos,

337 1201 505 1250 Tristis
527 1199 610 1245 ubi
634 1195 834 1243 infausto
858 1192 1161 1240 conmittitur
1183 1191 1343 1237 omine
1367 1206 1548 1254 pugna.

339 1293 466 1340 Haec
488 1305 604 1353 cape
623 1299 667 1334 et
683 1285 904 1333 ultricem
920 1285 1138 1347 pharetra
1157 1282 1387 1345 deprome
1399 1281 1624 1345 sagittam
1643 1297 1658 1330 t

340 1380 470 1438 Hac,
502 1379 795 1442 quicumque
818 1373 1003 1421 sacrum
1027 1371 1216 1418 violarit
1236 1370 1426 1418 volnere
1450 1386 1642 1435 corpus,
1702 1405 1707 1408 -

388 1512 464 1552 581.
491 1511 713 1553 Multaejamf.
734 1508 793 1540 see.
809 1509 929 1539 Moret.
1015 1503 1092 1545 583.
1113 1517 1146 1537 v.
1164 1505 1286 1535 honorem
1302 1514 1350 1547 pr.
1363 1505 1495 1542 Moret.,
1518 1510 1550 1535 et
1562 1502 1667 1546 ipsum

347 1575 413 1597 non
423 1563 519 1596 male.
566 1562 628 1594 Sed
643 1563 727 1593 colore
741 1571 872 1597 amorem,
892 1565 929 1589 ut
956 1557 1076 1595 fovere,
1101 1557 1240 1588 servare:
1275 1556 1415 1588 studium
1441 1565 1605 1587 armorum
1635 1561 1669 1585 et

348 1614 555 1658 virginitatis.
645 1613 719 1653 584.
743 1617 875 1653 corrupta
887 1609 1216 1650 Vratiss.,perperam⁴
1264 1610 1366 1650 corripi
1378 1609 1491 1646 militia,
1515 1605 1671 1648 exquisite

350 1681 410 1714 pro
427 1668 566 1710 vulgari,
588 1666 705 1709 corripi
723 1664 884 1707 cupidine,
909 1661 1011 1694 studio
1038 1661 1176 1692 militiae.
1267 1660 1345 1700 586.
1372 1661 1450 1692 Cura
1475 1662 1543 1692 mihi
1568 1657 1670 1690 Goth.

352 1729 443 1760 tert„
464 1718 642 1762 elegantius
653 1718 809 1760 vulgat03
830 1715 882 1747 sed
895 1713 944 1746 isti
955 1713 1056 1744 codici
1072 1724 1136 1744 non
1154 1720 1280 1744 tantum
1297 1712 1395 1744 tribui
1420 1712 1534 1754 potest,
1554 1718 1591 1743 ut
1602 1708 1675 1755 vulf

354 1781 431 1817 gata
446 1770 764 1810 mutetur.——-587.
781 1770 820 1799 V.
833 1781 867 1801 α,
886 1779 955 1797 meuc
970 1778 1124 1807 quanquam
1131 1767 1166 1807 f.
1186 1764 1246 1796 Edi
1265 1775 1313 1807 pr.
1330 1764 1440 1795 Burni.
1484 1765 1588 1804 qvando
1601 1764 1678 1803 equi·

355 1828 413 1857 dem
430 1827 525 1856 Rom.
572 1830 703 1865 urgentur
719 1824 848 1863 Hugen.
869 1826 900 1850 et
916 1829 962 1860 pr.
982 1819 1103 1849 Moret.
1123 1828 1140 1848 a
1161 1827 1205 1848 mi
1225 1827 1274 1858 pr.
1321 1829 1451 1858 urgemur
1464 1815 1543 1846 olim
1558 1815 1676 1847 alicubi

357 1877 483 1908 editum
500 1873 588 1906 fuisse
617 1884 655 1904 ex
681 1872 789 1904 Pierio
811 1876 954 1912 apparet,
975 1868 1028 1900 sed
1053 1878 1175 1906 ornnes,
1195 1878 1272 1909 quas
1295 1867 1460 1905 habemus,
1496 1866 1568 1897 edd.
1594 1872 1678 1897 vett.

359 1936 475 1972 tergetur
490 1925 655 1958 exhibent.
692 1924 914 1967 fatis—iniquis
928 1921 1052 1962 aliquot
1064 1920 1149 1951 Pier.
1169 1927 1202 1950 et
1215 1918 1324 1949 Heins.
1337 1929 1411 1949 cmn
1423 1917 1523 1950 Goth.
1537 1925 1611 1949 tert.
1636 1916 1677 1949 cf,

358 1981 428 2023 sup.
444 1979 484 2010 ad
500 1977 555 2009 lib.
567 1978 593 2014 I,
615 1975 690 2009 668.
780 1973 856 2013 588.
880 1974 971 2013 invisa
984 1973 1079 2003 Rom.
1170 1970 1246 2011 589.
1269 1972 1359 2000 ordine
1374 1969 1454 2000 aiter
1470 1969 1586 2001 Hamb,
1599 1980 1617 2000 a
1633 1979 1680 2002 m.

359 2043 410 2077 pr.
450 2037 555 2072 pugnae
570 2028 671 2059 Goth.
690 2037 756 2069 pr.,
770 2034 807 2057 ut
817 2027 1002 2056 committatur
1012 2022 1077 2065 ipsa
1091 2021 1247 2060 Camilla
1271 2021 1324 2052 sed
1341 2031 1519 2063 perperam.
1606 2029 1684 2061 590,

363 2083 429 2115 Hoc
443 2081 505 2112 Ed.
523 2090 572 2121 pr.
584 2080 696 2110 Burm.
746 2077 832 2107 Hanc
848 2075 949 2106 Goth.
964 2085 1012 2117 pr.
1059 2075 1105 2104 Ac
1129 2073 1187 2104 sec,
1202 2084 1210 2110 ;
1243 2079 1415 2113 utrumque
1433 2071 1530 2102 etiam
1553 2070 1587 2101 in
1610 2071 1683 2102 Pie-

363 2134 462 2166 rianis
485 2129 682 2162 occurrebat.
719 2132 808 2170 sacra
836 2128 941 2169 Sprot.
984 2125 1103 2155 violaret
1131 2121 1272 2154 Mentel.
1295 2133 1348 2165 pr.
1392 2123 1514 2152 violavit
1530 2121 1689 2157 Parthas,

364 2194 401 2220 ut
413 2185 471 2217 inf.
493 2182 565 2221 848.

370 2291 441 2328 Sed
458 2288 604 2327 doffius
635 2288 803 2332 alterum,
829 2301 896 2339 pro
920 2287 999 2326 vui-

371 2341 467 2394 gari.
521 2341 575 2378 Ut
607 2339 766 2390 primum
802 2340 922 2377 infans
940 2352 1000 2390 pe-

371 2395 481 2433 dibus
499 2391 641 2430 institit.
675 2398 765 2444 580·-
782 2392 1002 2442 Smyrnoniam

367 2462 487 2498 gruem
507 2459 520 2481 .·
566 2458 602 2481 ν.
637 2444 715 2494 sup.
747 2444 821 2480 Ge.
851 2443 883 2488 1,
917 2457 1000 2481 120.

377 2503 466 2550 581.
496 2494 624 2533 Multae
641 2494 750 2533 illam.
804 2494 905 2531 Idem
923 2508 1002 2532 ora-

376 2549 485 2587 tionis
502 2548 606 2584 color
635 2546 712 2598 sup.
733 2546 800 2584 lib.
819 2546 911 2590 VH,
943 2559 1002 2596 54.

378 2601 522 2639 Laudat
536 2598 659 2635 Cei-da
681 2598 796 2636 Ovid.
815 2597 910 2636 Met.
931 2598 1005 2641 III,

380 2667 452 2705 353
468 2651 544 2701 sqq.
556 2650 588 2694 I,
604 2653 677 2700 478
693 2650 745 2701 sq.
802 2650 911 2686 Adde
925 2649 1009 2686 Pin-

378 2707 458 2742 dar.
477 2703 585 2752 Pyth.
605 2701 678 2746 IX,
716 2703 783 2739 188
811 2701 889 2751 sqq.
934 2701 1008 2738 Ca-

380 2756 462 2793 tull.
501 2755 626 2792 Carm.
666 2753 785 2804 Nupt.
820 2767 870 2803 42
908 2753 1006 2803 seqq.

383 2807 783 2858 =13=2-1·.122·÷.-aperaspida.
830 2804 1008 2843 Amaseno

1066 2286 1216 2335 trajecto
1234 2283 1406 2323 Metabus
1424 2285 1469 2322 ad
1485 2284 1691 2335 Campano-2

1067 2352 1146 2376 rum
1167 2338 1252 2374 fines
1266 2338 1433 2374 accedere
1450 2337 1575 2373 debuit
1590 2349 1598 2372 :
1627 2335 1692 2371 hos

1069 2390 1228 2428 insedere
1246 2390 1333 2426 oiim
1351 2388 1507 2427 Etrusci.
1547 2386 1692 2424 Servius

1070 2442 1115 2479 ad
1135 2442 1172 2479 h.
1193 2455 1228 2478 v.
1249 2451 1284 2476 et
1306 2441 1375 2492 567
1393 2441 1437 2476 ad
1459 2437 1693 2476 Etruseorum

1070 2491 1273 2545 potentiam
1294 2505 1368 2529 rem
1388 2490 1513 2535 refert,
1541 2502 1695 2540 quorum

1067 2548 1148 2596 jure
1167 2543 1257 2582 olim
1277 2554 1353 2581 tota
1372 2543 1478 2579 Italia
1494 2542 1693 2578 tenebatur.

1075 2611 1162 2648 5²0·
1192 2597 1278 2632 Haec
1291 2606 1392 2645 (αβες
1436 2604 1522 2644 puta
1540 2593 1698 2630 cumbis

1075 2648 1181 2685 dietis
1200 2648 1357 2685 Dianam
1377 2658 1498 2682 arcum
1515 2655 1549 2682 et
1573 2644 1698 2695 phare-

1075 2710 1165 2736 tram
1188 2699 1263 2749 Opi
1296 2698 1449 2735 tradere.
1506 2711 1590 2748 591.
1620 2698 1700 2732 Au·

1076 2751 1202 2800 guste:
1233 2763 1321 2799 pro:
1351 2750 1414 2798 qui
1443 2749 1570 2786 vulnus
1604 2748 1701 2785 intu-

1077 2805 1181 2850 lerit3
1228 2803 1287 2841 sed
1308 2801 1471 2852 loquitur
1498 2802 1543 2839 de
1564 2798 1702 2886 virgne

1354 2868 1357 2872 ·
1653 2862 1700 2887 εῖτ
