1847 3313
426 291 835 349 AENEIDos,
886 293 1036 340 LIB.
1085 295 1177 343 lx.
1335 304 1423 369 283

120 419 284 473 Hostis
309 417 449 477 adest,
476 419 562 466 eia.
634 418 824 483 Ingenti
846 419 1056 472 clamore
1078 435 1162 483 per
1183 422 1337 469 omnis

120 510 345 558 Condunt
365 508 408 555 se
431 508 606 556 Teucri
631 521 803 572 portaS,
826 522 872 556 et
896 512 1077 558 moenia
1098 513 1340 574 conplent.

117 603 341 665 Namque
365 601 429 648 ita
451 601 696 648 discedens
719 615 1010 666 praeceperat
1032 616 1257 667 optumus
1279 608 1422 655 armis

116 692 316 740 AEneas:
352 691 386 738 fi
411 707 503 754 qua
526 691 702 738 interea
727 690 932 739 Fortuna
954 692 1123 751 fuiffet,
1300 704 1302 707 ’
1357 711 1415 755 41

114 786 223 833 Neu
258 787 430 833 struere
448 784 672 833 auderent
694 784 860 841 aciem,
894 799 984 831 neu
1006 785 1194 833 credere
1216 803 1420 851 campo:

116 876 276 924 Castra
300 877 444 925 modo
469 889 514 924 et
537 888 663 923 tutos
689 875 919 923 servarent
942 892 1112 939 aggere
1134 892 1313 928 muros,

112 966 260 1029 Ergo,
278 965 360 1013 etii
378 965 589 1013 conferre
608 980 802 1012 manum
822 964 979 1027 pudor
998 964 1160 1028 iraque
1179 966 1420 1026 monstrat,

111 1056 361 1119 Objiciunt
383 1069 539 1120 portas
562 1046 738 1111 tamen,
763 1067 808 1101 et
832 1068 1071 1118 praecepta
1096 1055 1335 1116 facessunt,
1357 1073 1414 1121 45

109 1147 392 1210 Armatique
413 1146 539 1194 cavis
563 1148 832 1210 exspectant
855 1149 1062 1210 turribus
1088 1148 1286 1196 hostem.

109 1237 316 1294 Turnus,
339 1249 391 1284 ut
412 1247 517 1286 ante
534 1236 694 1283 volans
711 1236 900 1284 tardum
916 1237 1208 1300 praecefferat
1230 1255 1419 1306 agmen,

107 1322 291 1386 Viginti
315 1324 446 1371 leciis
470 1324 685 1387 equitum
708 1325 962 1372 comitatus
984 1339 1029 1373 et
1051 1328 1157 1375 urbi
1263 1309 1268 1312 .

109 1443 214 1475 Pierio
229 1451 260 1474 et
278 1443 347 1475 aliis
361 1443 438 1475 viris
455 1444 560 1476 doffls
576 1455 584 1475 :
609 1444 662 1475 sed
681 1446 884 1477 Burmannus
899 1455 1007 1490 urget,
1029 1447 1136 1480 doceri
1155 1447 1264 1490 primo
1277 1447 1348 1479 loco
1363 1448 1418 1479 de-

108 1495 195 1531 bere,
216 1495 346 1536 Virgilii
364 1506 438 1527 eum
455 1507 581 1527 morem
592 1495 681 1527 fuisse
697 1497 758 1527 hoc
778 1498 876 1529 modo
893 1499 1089 1540 producendi
1106 1499 1258 1540 syllabam
1271 1499 1418 1537 brevem,

106 1556 204 1587 quem
237 1546 368 1576 seriores
391 1546 560 1588 scriptores
582 1547 705 1588 sequuti
729 1546 814 1579 sunt.
861 1549 1018 1580 Codicum
1043 1549 1253 1581 vetustiorum
1278 1551 1361 1582 Pier.
1385 1557 1419 1580 et

107 1597 220 1628 Heins.
239 1598 332 1638 {addc
345 1597 460 1639 fragm.
476 1598 596 1641 Vatic.)
611 1606 642 1629 et
654 1599 811 1630 Macrobii
824 1600 996 1632 auetoritas
1006 1609 1115 1632 tuetur
1130 1611 1157 1632 et
1169 1602 1316 1645 fiandcrc,
1330 1601 1417 1643 quod

103 1648 281 1684 defendunt
297 1650 447 1680 Burman.
476 1656 622 1691 uterque,
644 1650 724 1681 alter
736 1651 775 1682 ad
784 1651 966 1694 Antholog.
985 1664 1019 1694 p.
1041 1662 1113 1693 135.
1161 1653 1291 1694 Frigere
1305 1661 1416 1684 tamen

104 1700 262 1742 copulam,
278 1700 389 1741 negari
405 1700 516 1741 nequit
531 1710 539 1731 z
564 1708 596 1731 et
613 1701 714 1742 potest
731 1701 786 1732 illa
801 1702 919 1733 inserta
931 1702 1035 1733 videri
1051 1703 1150 1741 abiis,
1164 1703 1219 1745 qui
1232 1710 1336 1735 metro
1346 1713 1415 1735 me-

104 1750 252 1782 tucbant.
294 1751 377 1788 Alii,
407 1751 453 1781 uti
481 1751 597 1783 Medic.
624 1751 669 1792 (in
691 1763 754 1793 quo
769 1752 837 1785 div,
869 1753 1042 1784 leetioncm
1059 1765 1077 1785 a
1093 1754 1251 1796 Fogginio
1269 1760 1415 1785 notatam

103 1813 168 1833 non
180 1804 285 1841 video,
307 1814 402 1844 quam
420 1803 530 1835 Heins.
557 1805 747 1845 memorat),
762 1804 882 1835 habent
897 1815 905 1836 :
931 1805 1066 1849 qscendite
1079 1818 1090 1837 .-
1128 1805 1214 1846 quod
1229 1805 1301 1835 sane
1317 1805 1416 1839 orati»,

106 1854 160 1884 oni
178 1854 313 1896 pedestri
329 1854 461 1896 propius
476 1854 564 1885 esset.
608 1856 642 1885 In
661 1855 747 1885 Gnd.
770 1856 904 1898 ascendite
918 1856 971 1886 vel
982 1864 1008 1887 et
1021 1856 1181 1900 assandum
1204 1855 1289 1887 unde
1301 1855 1417 1888 Heins.

100 1905 260 1948 refingere
279 1906 431 1943 malebat,
451 1906 591 1950 {scendite²
616 1906 705 1947 quod
724 1906 870 1937 sollenne
882 1906 926 1937 est
938 1906 1036 1937 Livio
1053 1906 1201 1948 aliisque3
1226 1906 1280 1937 sed
1295 1905 1329 1937 in
1342 1908 1413 1937 Ma-

99 1970 179 1990 rone
195 1959 338 2001 exempla
357 1959 428 1990 usus
443 1958 671 1990 desiderantur.
717 1960 805 1990 Inter
826 1959 895 1990 haec
910 1959 1005 1990 video
1022 1959 1153 2001 quidem
1164 1959 1283 2001 ubique
1293 1958 1412 1990 subeffe

101 2010 207 2041 ulcus:
237 2010 317 2041 nihil
332 2018 440 2041 tamen
457 2016 524 2040 tam
543 2017 636 2050 putre
651 2020 687 2040 ac
710 2009 894 2048 molestum,
919 2020 1017 2051 quam
1041 2010 1179 2052 copula:
1205 2009 1286 2040 hanc
1303 2005 1413 2052 itaque

99 2061 191 2102 ejeci,
214 2062 298 2103 quod
315 2069 346 2092 et
364 2061 541 2092 Brunckius
556 2061 642 2092 fecit.
733 2061 786 2101 38.
811 2064 874 2094 heia
892 2062 995 2099 codd„
1016 2069 1052 2093 ut
1064 2061 1152 2094 alibi.
1247 2071 1299 2103 39.
1321 2064 1412 2105 portis

100 2119 175 2145 tert.
191 2112 345 2144 Rottend.
434 2120 485 2149 41.
501 2114 534 2154 st
547 2124 605 2154 qua
622 2114 640 2143 i.
659 2114 696 2144 F.
722 2113 824 2156 tulgffit
839 2112 931 2143 malit
947 2114 998 2155 Jo.
1019 2111 1206 2150 Schrader.;
1228 2111 1288 2143 hoc
1301 2120 1411 2144 tamen

99 2174 164 2196 non
179 2164 286 2196 minus
301 2164 554 2194 incommodum.
598 2163 736 2195 Videtur
763 2166 795 2207 st
809 2177 866 2208 qua
873 2166 998 2209 fortuna
1004 2165 1108 2208 suffit
1122 2163 1246 2195 dietum
1258 2170 1305 2202 ut,
1329 2176 1412 2207 quae·

99 2228 208 2260 funque
215 2218 339 2259 fortuna
346 2216 457 2259 fuerit,
474 2228 506 2247 ea
512 2217 639 2258 fortuna
652 2217 814 2260 urbisfuit.
875 2216 877 2218 ’
906 2226 959 2255 42.
986 2220 1037 2250 Ne
1041 2218 1097 2259 βν.
1113 2216 1168 2247 alii
1185 2216 1274 2247 codd.
1289 2223 1320 2247 et
1331 2224 1412 2253 vett,

98 2267 172 2301 cdd.
219 2270 304 2299 aciem
329 2265 345 2298 ε’
363 2266 455 2298 codd.
483 2267 565 2298 Pier.
590 2277 648 2308 pro
675 2268 813 2309 vulgari,
843 2268 928 2309 quod
945 2269 1110 2299 Romanus
1126 2277 1254 2308 quoque
1270 2267 1411 2306 exhibet,

98 2322 190 2363 ριέσςς
214 2326 285 2350 tum
307 2331 354 2357 nec
370 2330 410 2350 cr.
435 2319 518 2348 Ven.
607 2327 658 2357 43.
681 2328 740 2350 tuto
763 2318 905 2360 Oblong.
938 2319 1046 2357 Pierii,
1071 2329 1144 2350 cum
1162 2318 1262 2350 Goth.
1288 2318 1347 2350 sec.
1376 2328 1410 2352 et

97 2370 215 2412 fragm,
235 2369 340 2400 Vatic.
357 2380 375 2399 a
391 2379 442 2410 pr.
460 2379 504 2399 m.
542 2369 702 2413 strvaffint
724 2381 773 2412 pr.
793 2370 1054 2408 Hamb.——44.
1085 2372 1178 2412 furor
1192 2372 1292 2414 iraque
1317 2372 1406 2405 Non.

98 2420 242 2452 Marcell.
260 2420 293 2451 in
310 2420 456 2462 corgferre3
492 2426 563 2450 tum
579 2421 726 2462 marfirant
743 2419 864 2461 aliquot
882 2420 991 2452 Heius.
1018 2428 1048 2451 et
1068 2421 1178 2451 Burm.
1197 2431 1270 2451 cnm
1286 2421 1404 2464 fragm.

97 2473 204 2505 Vatic.
252 2472 432 2514 monstrarent
454 2470 553 2502 Goth.
583 2471 640 2502 see.
731 2482 784 2511 45.
822 2482 931 2504 tantum
960 2472 1242 2510 Dorvill.——-46.
1264 2473 1326 2513 suis
1348 2485 1408 2517 pro

95 2526 180 2561 cavis
204 2523 310 2565 Sprot.
339 2522 403 2552 vid.
434 2522 545 2554 Burni.
592 2522 708 2554 urbibus
735 2523 853 2555 Medic.
946 2531 997 2562 47.
1031 2524 1163 2566 rapidum
1184 2532 1218 2567 p.
1243 2523 1351 2567 Bigot.
1373 2531 1408 2558 et

96 2574 197 2605 Goth.
214 2580 289 2605 tert.
330 2574 496 2617 procejffirat
511 2573 571 2604 sec.
594 2575 713 2605 Moret.
800 2573 853 2612 48.
877 2574 968 2616 eladis
985 2573 1152 2606 Montalb.

96 2672 174 2712 594
201 2660 299 2698 Ferte
337 2666 397 2698 citi
425 2664 606 2709 fl‚ammas
640 2662 718 2701 date
782 2662 976 2700 accideret.
1030 2674 1092 2711 44.
1120 2663 1274 2719 monstrat
1301 2660 1341 2699 h.
1376 2661 1404 2701 1.

93 2711 380 2813 {edilpitissltpcsglzi
370 2729 502 2813 rrg’sszsi
517 2717 618 2801 inssiz
641 2725 717 2800 3191-
782 2714 967 2815 hossgtuiii
976 2713 1114 2801 Qleaissig
1133 2712 1406 2822 {inzffbli'itlmpro-

93 2814 168 2850 lum
185 2824 219 2851 et
238 2828 369 2853 muros.
413 2816 519 2864 41.fi
535 2815 616 2866 quis
628 2815 715 2852 belli
779 2820 875 2866 cvffus
902 2818 1004 2866 adest,
1031 2817 1124 2854 forte
1141 2827 1173 2853 et
1190 2828 1316 2854 vacare
1347 2829 1405 2853 vi-

93 2865 237 2913 casusse
250 2865 416 2916 offerrct3
443 2867 606 2914 verbo‚fi
626 2867 715 2919 quid
780 2868 860 2908 deri
891 2868 1017 2923 potest.
1084 2866 1282 2906 Enimvero
1318 2867 1404 2956 jgn-

1260 2932 1330 2972 gen
1357 2932 1402 2967 a:
