1847 3313
394 280 455 348 96
588 278 1072 328 P.V1RG1L11
1117 272 1507 327 MARONIS

391 414 672 480 Conplerint
694 430 889 477 campos
912 414 1064 467 acics;
1101 411 1274 474 quibus
1295 409 1415 456 Itala
1432 408 1535 474 jam
1556 403 1663 456 tum¹

392 506 630 554 Florucrit
647 518 770 553 terra
792 507 917 552 alma
943 505 1072 560 viris,
1104 503 1276 566 quibus
1302 500 1466 547 arserit
1489 500 1652 546 armis.

391 597 458 645 Et
478 598 757 644 meministis
778 598 923 654 enim,
957 597 1099 652 divae,
1134 606 1181 640 et
1206 607 1469 640 memorare
1483 589 1673 654 potestis
1695 608 1709 639 ε

1615 676 1709 739 646

392 687 474 734 Ad
498 703 581 734 nos
606 687 685 733 vix
703 685 858 732 tenuis
883 685 1024 730 famae
1047 681 1313 746 perlabitur
1335 696 1462 727 aura.

461 773 650 822 Primus
675 776 762 823 init
781 775 963 821 bellum
988 772 1249 834 Tyrrhenis
1272 770 1410 831 asper
1432 769 1492 816 ab
1515 768 1611 815 oris

396 867 680 918 Contemtor
698 866 864 914 divom
885 860 1174 918 MezentiuS‚
1208 859 1500 923 agminaque
1522 871 1691 909 armat.

440 1020 484 1059 64
488 1029 517 1060 3.
539 1021 702 1062 complerunt
713 1019 811 1049 Rom.
827 1022 858 1047 et
872 1021 949 1047 vett.
962 1024 1013 1056 ap.
1027 1012 1115 1045 Pier.
1140 1019 1171 1044 et
1196 1021 1269 1054 pars
1283 1010 1394 1042 Burm-
1407 1018 1480 1040 cum
1490 1007 1574 1040 binis
1592 1008 1693 1041 Goth.
1707 1028 1719 1056 3

398 1079 432 1104 et
446 1071 508 1104 hoc
523 1072 626 1113 magis
641 1070 778 1113 epicum.
823 1068 999 1109 compulerint
1012 1064 1125 1096 alicubi
1142 1063 1205 1104 legi
1223 1062 1348 1093 Pierius
1361 1068 1480 1092 narrat.
1522 1063 1592 1091 acies
1611 1068 1719 1102 campos

399 1125 479 1155 Exc.
503 1124 615 1155 Burm.
660 1124 740 1158 acies,
765 1120 857 1161 quibus
888 1119 985 1159 arserit
1008 1119 1095 1147 armis
1117 1115 1224 1153 Witt„
1258 1111 1381 1145 librarii
1403 1111 1521 1144 fraude.
1557 1122 1588 1144 v.
1606 1113 1720 1143 Burm-

399 1187 431 1218 q.
448 1175 476 1207 I.
491 1182 599 1206 tantum
612 1176 659 1204 Η.
672 1172 803 1213 vulgata
824 1169 928 1211 aliqua
941 1175 1013 1198 ante
1029 1167 1110 1198 Pier.
1129 1165 1216 1207 legit.
1309 1164 1383 1201 644.
1407 1165 1507 1204 adserit
1529 1164 1720 1195 Rom.—

400 1227 477 1266 646.
503 1230 545 1259 At
559 1236 624 1259 tres
634 1237 687 1267 ap.
706 1226 814 1255 Burm.
831 1234 904 1254 cum
917 1229 992 1253 tert.
1010 1219 1121 1252 Goth..
1159 1221 1249 1260 sama
1261 1218 1398 1248 Oudart.
1441 1217 1573 1246 dilabitur
1585 1216 1719 1248 Zulich.

400 1292 458 1310 ’ccx
475 1279 555 1310 alter
572 1277 670 1309 Goth.
763 1275 835 1314 647.
858 1277 885 1304 in
901 1275 931 1304 id
945 1272 1109 1303 Montalb.
1198 1268 1272 1307 648.
1294 1270 1486 1300 Mezzentins
1510 1267 1618 1298 scribit
1645 1269 1723 1300 Me-

403 1331 465 1363 dic.
484 1337 515 1362 et
529 1331 642 1366 Rom„
663 1328 747 1369 quod
760 1327 800 1357 ad
811 1325 947 1367 legentis
958 1323 1120 1355 fastidium
1130 1320 1272 1353 defendit
1285 1320 1420 1351 Pierius.
1443 1320 1600 1360 Mescntius
1610 1319 1727 1357 Witt„

403 1391 438 1414 et
453 1383 618 1413 Memmius
635 1380 698 1411 duo
710 1380 819 1409 Burm.
867 1377 1040 1407 [Wedentium
1057 1381 1179 1405 veteres
1195 1371 1303 1402 dixisse
1320 1369 1508 1406 Priscianus,
1530 1369 1723 1412 Mffntium,

404 1435 520 1466 Velius
534 1436 668 1475 Longus
682 1431 790 1463 tradit.
829 1430 954 1460 Totum
966 1426 1203 1460 hemistichium
1216 1434 1224 1456 :
1249 1425 1414 1457 Mezentius
1425 1425 1587 1464 agminaque
1599 1429 1691 1452 armat
1706 1413 1727 1453 a

407 1487 509 1521 Goth.
525 1486 626 1518 altero
637 1484 757 1516 aberat.

406 1619 552 1662 attinet,
578 1618 641 1656 etsi
658 1629 750 1654 vana
764 1629 805 1653 ea
818 1615 863 1651 de
883 1625 918 1650 re
935 1611 1033 1650 viro-

408 1685 489 1709 rum
523 1671 711 1707 doeiorum
759 1667 806 1705 est
840 1664 1034 1709 subtilitas,

410 1723 510 1761 conf.
531 1721 701 1759 Macrob.
722 1721 745 1757 l.
759 1733 810 1764 c.,
827 1727 945 1754 tamen
960 1729 1034 1752 non

409 1775 580 1812 videntur
613 1771 821 1814 observasse,
857 1768 904 1805 ab
937 1766 1037 1804 occi-

412 1827 521 1864 dente
540 1825 638 1862 Latii
653 1825 699 1861 ad
717 1821 905 1860 orientales
927 1819 1036 1869 usque

410 1878 497 1916 fines
514 1890 595 1913 eum
613 1873 797 1927 progredi.

465 1929 683 1978 641—646.
712 1924 816 1977 Qid
830 1923 877 1960 est
890 1922 1039 1972 pandere

414 1981 601 2019 Heliconem
615 1984 636 2017 ?
664 1987 702 2016 ut
722 1978 838 2014 aditus
852 1975 967 2025 po'etae
978 1986 1040 2023 pa·

413 2034 519 2071 teat?
560 2042 671 2081 utque
692 2042 750 2066 eas
784 2036 948 2064 canentes
976 2038 1041 2061 au-

413 2085 521 2123 diat?
558 2094 598 2121 ut
614 2083 690 2120 fere
719 2079 841 2118 Cerda
864 2077 1012 2127 exponit
1027 2092 1038 2121 3

415 2147 453 2175 et
468 2137 514 2173 est
532 2135 657 2185 utique
675 2131 862 2184 proprium
879 2129 924 2166 de
937 2128 1040 2164 aditu

415 2187 668 2239 patefaciendo
693 2186 730 2222 τὸ
744 2184 917 2235 pandam
938 2193 982 2216 an
1002 2187 1042 2215 ut

415 2240 534 2278 Musae
562 2238 621 2275 seu
648 2236 880 2277 descendant,
916 2231 973 2268 seu
1003 2230 1043 2266 in

413 2291 647 2342 'conspectum
665 2289 823 2330 veniant,
850 2294 890 2321 ut
908 2283 945 2319 in
964 2281 1043 2319 He-

417 2343 510 2382 siodi
542 2342 689 2391 Theog.
725 2352 780 2390 pr.
834 2337 895 2374 Est
925 2344 1037 2375 certe,

418 2395 534 2433 adeste
551 2403 587 2430 et
605 2393 730 2430 dicite.
775 2392 895 2428 ἕσπετε
911 2392 955 2424 νῦν
971 2403 1045 2431 μοι,

419 2452 556 2486 Μέσκι.
611 2444 671 2480 Ad
703 2441 945 2480 Claudianum
970 2436 1044 2478 IV,

424 2513 439 2538 1
478 2500 521 2536 B.
552 2496 755 2533 Gesnerum
788 2493 834 2529 de
865 2490 1046 2528 Helicone

420 2560 604 2601 tamquam
619 2547 722 2585 scena
733 2543 901 2595 cogitasse
912 2541 1018 2578 video
1034 2552 1043 2576 :

420 2603 522 2653 quod
541 2599 655 2638 nolim
671 2599 818 2635 faeium.
848 2597 939 2643 643.
953 2594 1046 2630 Sunt

421 2655 499 2692 haec
531 2653 568 2690 in
596 2650 765 2688 laudibus
800 2646 930 2690 Italiae,
957 2658 1044 2695 quas

421 2720 458 2743 v.
481 2706 555 2742 Ge.
570 2703 625 2746 Π,
648 2703 710 2753 167
734 2699 802 2750 sq„
816 2695 879 2735 ubi
895 2697 957 2734 illa
976 2709 1048 2747 174

418 2771 543 2811 parens
561 2771 686 2807 magna
697 2758 827 2792 virum.
867 2751 949 2800 jam
963 2759 1048 2805 tum3

424 2809 596 2863 praeclare
610 2806 724 2852 dixit,
749 2803 796 2841 ad
814 2800 958 2840 laudem
989 2798 1010 2838 s
1008 2811 1048 2837 ui

1100 1606 1183 1653 aevi,
1222 1606 1334 1645 tacita
1364 1604 1511 1657 quidem
1540 1616 1727 1654 compara-

1101 1660 1215 1696 tione.
1268 1661 1357 1708 644.
1383 1670 1472 1708 quos
1484 1657 1634 1707 populos
1649 1656 1726 1692 bel-

1103 1709 1404 1748 lanteshabuerit.
1456 1708 1650 1761 6452646.
1683 1719 1728 1744 cx

1106 1762 1262 1800 Homer.
1281 1760 1441 1799 conversi
1454 1759 1562 1798 Iliad.
1582 1762 1622 1802 β,
1654 1760 1729 1810 485

1106 1813 1159 1864 sq.
1213 1812 1363 1863 Sequuti
1381 1811 1461 1848 sunt
1484 1811 1563 1855 alii,
1591 1821 1628 1847 ut
1651 1812 1732 1847 Sta·

1105 1865 1177 1902 tius
1191 1865 1312 1902 Theb.
1326 1863 1399 1907 IV,
1429 1875 1474 1911 32
1493 1863 1571 1913 sqq.
1613 1861 1730 1898 Ovid.v

1109 1916 1188 1952 XV
1224 1916 1319 1953 Met.
1357 1916 1446 1952 622.
1482 1915 1572 1962 623.
1628 1917 1732 1951 κλέος.

1094 1973 1220 2020 fama,
1247 1978 1282 2006 et
1300 1966 1566 2016 dofflusfczmae
1582 1966 1684 2002 aur'cz.

1161 2020 1380 2070 647—654.
1429 2017 1544 2068 Qod
1580 2016 1733 2053 Mezen-

1109 2070 1202 2108 tium
1225 2071 1370 2120 Agyllae
1401 2068 1650 2106 Lucumonem
1680 2068 1734 2103 in-

1108 2133 1164 2159 ter
1196 2121 1311 2160 socios
1347 2120 1562 2158 Latinorum
1598 2131 1735 2156 memo-

1108 2185 1164 2212 rat
1206 2175 1251 2211 ab
1269 2173 1418 2221 antiqua
1435 2171 1532 2208 fama
1551 2179 1735 2208 mutuatim

1109 2226 1172 2264 est.
1199 2225 1276 2263 vid.
1298 2222 1449 2260 Excurs.
1468 2222 1515 2259 ad
1536 2221 1602 2259 lib.
1623 2221 1736 2265 VIII,-

1110 2282 1201 2328 478.
1271 2275 1452 2326 inrrhenis
1484 2274 1530 2312 ab
1566 2279 1627 2311 oris
1656 2274 1737 2309 Me-

1110 2332 1254 2372 zentius,
1289 2325 1464 2365 oriundus
1499 2339 1543 2363 ex
1577 2324 1737 2361 Etruria.

1113 2380 1236 2418 Pulsus
1266 2380 1365 2417 enim
1396 2377 1498 2415 Caere
1529 2377 1624 2427 apud
1661 2376 1739 2412 Ru-

1111 2434 1207 2469 tulos
1248 2441 1334 2468 tunc
1372 2429 1515 2480 agebat.
1554 2428 1631 2465 vid.
1670 2425 1739 2464 inf.

1115 2483 1226 2528 VIII,
1249 2495 1338 2532 492.
1368 2494 1457 2531 493.
1511 2481 1655 2528 Lfflfsm,
1683 2493 1741 2529 qua

1106 2536 1280 2588 pulchrior
1303 2550 1338 2571 α.
1391 2531 1638 2569 Imitationem
1659 2531 1739 2567 Ho-

1115 2586 1242 2625 merici
1286 2583 1396 2622 Nirei
1432 2582 1537 2620 multi
1570 2590 1742 2618 notarunt

1114 2639 1222 2677 Iliad.
1249 2639 1289 2681 β,
1318 2639 1407 2686 673.
1434 2637 1511 2682 674
1535 2643 1570 2669 et
1589 2632 1741 2669 similem

1114 2692 1236 2729 locum
1267 2689 1313 2726 de
1348 2686 1508 2735 Euryalo
1541 2684 1666 2733 Odyff.
1702 2681 1743 2726 ἓν.

1121 2745 1207 2782 116.
1231 2755 1244 2778 1
1257 2754 1298 2791 17
1316 2748 1352 2776 et
1369 2738 1416 2775 de
1435 2735 1582 2775 Aloidis
1596 2745 1633 2779 λ,
1654 2747 1742 2785 309⁴

1115 2804 1241 2846 corpore
1257 2792 1370 2832 ‘Turni
1396 2802 1464 2841 pro
1497 2785 1625 2833 Turno,
1657 2796 1746 2823 nota

1699 2848 1747 2875 ex
