1847 3313
353 256 764 313 AENEIDOS,
816 255 969 303 LIB.
1016 254 1084 302 X.

1292 268 1390 322 409

87 392 216 443 Gens
240 391 310 437 illi
334 391 521 455 triplex,
553 390 720 453 populi
743 389 826 436 sub
848 401 989 453 gente
1009 388 1250 452 quaterni:

86 480 193 543 Ipsa
214 491 356 541 caput
381 480 596 542 populis:
634 477 789 524 Tusco
811 477 869 523 de
886 475 1110 539 sanguine
1132 476 1281 529 vires;

87 569 220 617 Hinc
244 583 432 630 quoque
454 566 734 628 quingentos
758 566 806 611 in
829 565 873 610 se
895 564 1163 610 Mezentius
1182 574 1346 618 armat,

89 658 223 721 Qos
243 668 374 718 patre
395 654 578 701 Benaco
603 653 778 700 velatus
797 651 1022 698 arundine
1042 653 1212 714 glauca

1299 666 1388 715 205

89 747 305 794 Mincius
328 744 492 791 infesta
511 743 713 790 ducebat
733 742 783 788 in
797 757 986 804 aequora
1002 742 1135 805 pinu.

134 908 209 932 202.
229 900 326 942 populi
335 899 436 941 triplex
452 899 550 929 Rom.
596 909 657 927 cum
667 902 747 938 gente
761 906 813 937 qu.
830 897 946 927 Moret.

90 951 169 983 talb.
209 952 305 993 populi
318 950 380 980 duo
396 948 550 980 Rottend.
566 955 597 978 et
613 958 660 989 pr.
680 947 801 977 Hamb.
815 957 832 977 a
844 957 887 978 m.
905 947 964 979 sec.

319 1010 390 1039 205.
415 1002 476 1030 duce
491 1001 592 1030 Benaco
610 999 739 1029 Zulich.
758 1009 816 1039 pro
832 1008 887 1028 var
910 998 985 1028 leet.
1035 1000 1141 1028 Venaco
1156 999 1252 1029 Rom.
1300 999 1399 1027 Bona«

91 1014 109 1034 a
120 1014 163 1033 m.
180 1012 227 1043 pr.

1038 904 1110 934 203.
1126 895 1188 939 Ipse
1203 902 1283 937 caput
1300 897 1394 927 Mon-

1057 956 1131 984 204.
1157 948 1217 976 Hic
1234 946 1397 979 Montalb.

87 1055 136 1085 tho
152 1052 251 1083 Goth.
269 1050 508 1084 tert-——206.
533 1051 693 1089 Minchius,
714 1051 852 1092 ,ildirfiius
864 1048 931 1080 bini
948 1048 1059 1088 Goth„
1079 1049 1177 1080 iidem
1188 1052 1216 1078 in
1231 1061 1350 1092 aequore.

90 1190 137 1228 lis
172 1189 252 1226 XII
280 1189 499 1234 constabant,
550 1200 705 1238 quorum

91 1242 257 1292 quaterni
283 1241 347 1278 sub
382 1253 453 1277 una
484 1250 589 1290 gente
605 1248 707 1276 erant

93 1292 349 1343 comprehensi,
376 1292 504 1343 quibus
521 1291 585 1327 illa
601 1299 708 1340 caput

91 1354 198 1381 erat:
227 1344 340 1394 copiae
369 1353 486 1380 autem
517 1343 587 1380 illae
609 1350 709 1378 erant

93 1394 262 1432 Etruscae.
316 1395 513 1431 Videamus
545 1393 707 1445 singula:

92 1448 189 1484 dives
205 1452 299 1490 avis,
326 1459 398 1483 non
426 1446 488 1489 est,
515 1458 595 1495 quae
618 1445 710 1480 mul-

93 1506 148 1533 tos
166 1510 249 1534 avos
279 1497 400 1540 habet,
427 1496 486 1533 sed
518 1508 596 1545 quae
626 1508 710 1531 avos

93 1549 206 1585 claros
218 1547 358 1592 habuit,
376 1547 535 1596 adeoque
549 1546 710 1596 aliquan-

95 1600 144 1636 do
164 1609 286 1649 potens
313 1599 394 1636 fuit.
448 1598 648 1635 Sollennior
675 1607 711 1633 et

95 1651 235 1700 planior
252 1651 298 1687 est
330 1651 448 1687 forma
476 1648 649 1700 loquendi
668 1650 712 1684 de

97 1701 244 1751 singulis
289 1701 522 1738 hominibus:
578 1699 712 1737 Statius

96 1753 218 1791 Theb.
251 1753 282 1797 Ι,
311 1766 383 1803 392
416 1752 584 1790 Adrastus
603 1751 714 1788 Dives

94 1810 175 1841 avis
204 1816 235 1842 et
268 1815 401 1854 utroque
428 1805 554 1853 Jovem
570 1804 608 1840 de
627 1805 714 1850 san-

119 1861 193 1892 uine
251 1857 380 1892 ducens.
473 1854 586 1905 Supra
644 1853 711 1892 lib.

136 1905 189 1951 Π,
238 1909 286 1958 56
326 1904 460 1944 Turnus
500 1912 581 1942 avis
632 1915 714 1942 ata-

94 1961 211 2008 vgsque
237 1969 349 2009 polens
394 1959 517 1994 eadem
563 1955 601 1993 vi
644 1969 713 2005 qua

94 2010 214 2052 dives3
271 2020 305 2046 et
346 2009 454 2045 Silius
487 2007 602 2052 XVI,
643 2020 711 2057 593

97 2061 232 2098 Burrus
273 2067 353 2097 avis
391 2059 529 2110 pollens.
599 2058 713 2102 VIII,

98 2116 168 2160 382
197 2112 367 2154 Scaevola,
396 2117 475 2148 avis
503 2109 626 2159 pollens
660 2125 716 2147 nec

96 2165 219 2200 dextra
254 2165 405 2213 indignus
433 2176 588 2198 avorum.
645 2162 713 2197 At-

96 2222 215 2250 tamen
253 2223 289 2249 et
319 2213 428 2250 Silius
467 2213 512 2249 de
556 2212 710 2262 populo:

98 2264 202 2309 Osci,
229 2280 302 2315 quos
327 2266 422 2300 dives
439 2274 545 2313 optem,
572 2279 643 2313 quos
664 2264 716 2299 di-

97 2332 160 2353 ·ves
177 2332 319 2353 avorum
337 2316 367 2352 E
385 2326 445 2352 toto
461 2314 567 2350 dabat
583 2316 632 2350 ad
645 2313 713 2351 bel-

96 2367 165 2404 lum
178 2369 369 2416 Campania
378 2372 488 2402 Ιναὲῖιι
504 2364 613 2407 VIII,
630 2378 672 2415 52
680 2378 714 2413 3.

99 2419 158 2455 Est
193 2418 282 2454 adeo
309 2418 345 2455 h.
375 2418 401 2454 l.
431 2416 584 2453 Mantua
602 2417 717 2453 valens

98 2470 187 2506 olim
221 2468 365 2518 opibus,
418 2478 542 2518 potens
586 2467 713 2517 copiis.

100 2519 196 2557 Bene
213 2520 355 2557 Servius
371 2519 529 2568 explicat
545 2530 553 2553 :
582 2521 716 2568 mcgiori-

99 2570 158 2609 bus
170 2581 374 2621 praepotem3
402 2570 438 2606 h.
459 2583 488 2606 e.
501 2569 631 2606 habens
644 2582 716 2605 rna-

94 2621 190 2671 jores
210 2631 390 2671 potente33
411 2621 496 2670 quid
513 2630 628 2657 autem
647 2620 715 2657 hoc

99 2672 197 2709 aliud
213 2686 333 2722 quam,
362 2682 483 2723 potens
509 2672 612 2715 olim,
641 2685 714 2707 ma-

94 2724 214 2774 jorum
236 2734 357 2768 aetate3
388 2723 484 2773 quod
497 2722 712 2759 monendum

97 2785 173 2811 erat
199 2774 377 2824 inprimis,
413 2787 495 2811 cum
527 2787 620 2810 nunc
653 2772 714 2809 illa

98 2835 279 2877 tantopere
312 2838 333 2863 a
362 2825 510 2878 pristino
529 2825 714 2877 splendore

771 1185 982 1224 descivisset.
1054 1186 1246 1224 Constabat
1276 1196 1394 1223 tamen

772 1252 902 1288 agmen
927 1252 946 1275 e
964 1238 1108 1274 diverfis
1138 1238 1300 1289 populis:
1330 1239 1400 1286 st’d

772 1306 833 1327 non
839 1305 942 1340 genus
953 1289 1095 1327 omnibus
1105 1306 1205 1326 unum
1221 1302 1233 1325 :
1251 1289 1395 1326 omnibus

774 1354 846 1377 non
877 1342 922 1377 ad
953 1357 1036 1377 avos
1061 1350 1134 1377 erat
1152 1340 1394 1383 referendum,

773 1392 871 1441 quod
893 1392 1002 1440 vulgo
1015 1391 1166 1435 faciunt,
1194 1391 1252 1427 sed
1271 1392 1316 1428 ad
1333 1408 1396 1442 ag-

778 1445 963 1493 men,quod
979 1443 1102 1480 Ocnus
1115 1443 1259 1479 adducit
1271 1444 1396 1492 patriis

777 1494 823 1530 ab
838 1495 922 1531 oris.
941 1494 1059 1544 Pergit
1074 1508 1082 1531 :
1102 1495 1271 1542 Namque
1284 1493 1395 1531 Man-

778 1555 838 1581 tua
866 1545 973 1582 trinas
997 1558 1118 1594 gentes
1144 1554 1179 1581 et
1210 1545 1395 1583 duodenos

776 1597 927 1647 populos
944 1597 1118 1633 habebat:
1163 1597 1250 1633 Gens
1268 1596 1322 1634 illi
1335 1602 1398 1633 tri-

769 1648 853 1697 plex
872 1658 941 1685 etc.
987 1649 1075 1684 Gens
1093 1657 1276 1698 tamquam
1290 1648 1397 1685 latius

776 1699 842 1736 sub
863 1699 896 1735 se
913 1701 1075 1736 continet
1092 1700 1264 1750 populos:
1295 1699 1394 1749 quod

777 1762 902 1787 notum
933 1751 995 1792 est,
1041 1752 1210 1799 quodque
1245 1750 1305 1798 Jo.
1334 1749 1394 1789 Fr.

778 1800 942 1839 Gronov.
964 1802 1009 1838 ad
1022 1801 1102 1838 Liv.
1124 1802 1175 1846 V,
1189 1815 1238 1850 34
1256 1801 1396 1839 docuit.

779 1852 905 1903 Populi
925 1852 1039 1902 igitur
1056 1865 1158 1890 erant
1179 1853 1256 1888 XII
1276 1853 1312 1888 in
1332 1854 1397 1889 tri-

778 1917 840 1941 nas
857 1913 977 1954 gentes
995 1903 1112 1942 divifi.
1167 1904 1319 1940 Mantua
1334 1917 1395 1941 ve-

778 1968 819 1992 ro
838 1956 967 1992 horum
989 1954 1066 1990 XII
1085 1956 1315 2006 populorum,
1333 1955 1397 2005 qui

779 2005 922 2044 Etrusci
931 2016 1045 2050 erant,
1061 2016 1168 2057 caput
1186 2016 1275 2044 erat.
1289 2013 1396 2051 vires,

777 2071 906 2108 copiae.
1267 2072 1269 2074 ·

833 2122 919 2157 204.
951 2109 1040 2146 Hinc
1071 2113 1105 2144 in
1125 2111 1164 2158 se
1195 2121 1308 2147 armat
1324 2111 1401 2147 ele-

778 2170 902 2210 ganter
919 2160 963 2196 de
980 2160 1095 2209 copiis
1113 2161 1294 2198 adversum
1313 2161 1396 2198 Me-

779 2212 936 2247 zentium
972 2211 1099 2248 duciis.
1179 2225 1267 2262 205.
1307 2213 1395 2250 206.

781 2262 911 2306 Navis,
954 2275 1023 2311 qua
1066 2262 1207 2299 vehitur
1256 2263 1397 2308 Ocnus,

779 2313 997 2363 parasernum
1034 2312 1092 2349 seu
1129 2313 1265 2364 insigne
1290 2315 1398 2352 habet

780 2364 818 2401 in
835 2377 939 2415 prora
959 2363 1141 2401 Mincium
1160 2365 1331 2402 fluvium:
1361 2366 1397 2402 Is

781 2415 881 2466 supra
900 2428 1041 2465 quoque
1061 2416 1132 2452 Ge.
1152 2416 1222 2458 III,
1249 2431 1289 2468 ¹5
1308 2428 1396 2454 tene-

781 2482 824 2504 ra
833 2474 991 2516 praetexit
999 2469 1158 2504 arundini·
1169 2474 1272 2517 ε’ζρας,
1287 2469 1347 2505 ubi
1359 2482 1396 2507 V.

782 2518 875 2554 Not.
892 2528 928 2554 et
945 2519 989 2554 ad
1011 2517 1088 2555 Ecl.
1116 2519 1149 2560 I,
1190 2533 1248 2568 52.
1296 2530 1397 2569 patre

785 2571 929 2613 Benac03
990 2568 1089 2605 ducit
1134 2569 1229 2606 enim
1276 2580 1397 2606 ortum

781 2620 943 2657 Mincius
977 2621 1150 2667 (Menzo)
1180 2633 1223 2656 ex
1257 2621 1397 2658 Benaco

778 2672 856 2708 lacu
876 2673 996 2722 (Lago
1013 2674 1048 2707 di
1065 2672 1223 2719 Cardu),
1251 2683 1311 2708 aut
1329 2685 1398 2722 po-

779 2723 850 2759 tius
875 2736 919 2759 ex
949 2722 1103 2770 Alpibus
1122 2733 1218 2759 ortus
1236 2724 1396 2761 medium

779 2787 860 2817 eum
880 2773 1012 2810 transit.
1055 2773 1102 2812 cf.
1139 2773 1214 2825 sup.
1247 2776 1293 2812 ad
1322 2774 1397 2814 Ge.

776 2824 830 2870 II,
853 2837 936 2877 159.
960 2824 1043 2864 160.

1305 2888 1394 2928 207·
