1847 3313
444 320 860 385 AENEIDOS,
907 322 1058 376 LIB.
1109 329 1229 380 ΧΠ.
1370 332 1467 399 627

155 451 346 519 Terque
363 469 618 520 quaterque
632 475 774 507 manu
790 462 951 525 pecstus
969 465 1184 527 percuffit
1199 466 1465 513 honestum.

153 543 267 590 Non
289 542 496 589 lacrimis
515 544 603 590 hoc
629 544 834 609 tempus,
866 550 931 595 ait
955 549 1170 597 Saturnia
1192 552 1345 612 Juno:
1373 553 1464 615 156

152 634 399 690 Adcelera,
434 647 480 682 et
505 636 712 694 fratrem,
734 637 767 683 1'1
791 640 895 701 quis
919 640 1103 698 moduS,
1137 643 1265 704 eripe
1288 645 1465 691 morti:

152 727 254 774 Aut
278 739 328 774 tu
360 727 485 774 bella
506 728 594 785 cie,
628 741 1010 792 conceptumque
1031 743 1199 778 excute
1222 731 1396 781 foedus.

151 817 334 864 Αυέὶοι·
355 833 444 880 ego
466 817 685 864 audendi.
753 818 831 864 Sic
857 820 1101 867 exhortata
1124 822 1317 885 reliquit

149 906 407 963 Incertam,
430 917 477 952 et
499 905 616 952 tristi
640 905 878 953 turbatam
900 907 1091 954 volnere
1114 910 1304 956 mentis·
1370 909 1463 957 160

213 996 397 1044 Interea
420 1012 567 1059 reges,
601 995 786 1059 ingenti
810 997 936 1043 mole
960 997 1157 1045 Latinus

149 1083 452 1150 Qadrijugo
475 1085 661 1132 vehitur
683 1101 839 1142 curru,
863 1085 941 1131 cui
963 1097 1177 1150 tempora
1198 1089 1384 1137 circum

148 1175 319 1222 Aurati
340 1173 412 1220 bis
436 1172 514 1221 sex
536 1173 655 1220 radii
681 1173 914 1238 fulgentia
938 1175 1153 1239 cingunt,

193 1308 269 1341 155.
289 1304 422 1347 perfudit
452 1303 592 1335 Parthas.
625 1315 642 1334 a
669 1315 713 1336 m.
741 1315 789 1346 pr.
881 1306 951 1345 156.
977 1309 1045 1339 Non
1070 1308 1204 1348 lacrimis,
1231 1311 1252 1348 ἱ,
1276 1318 1394 1354 tempta-s,
1417 1310 1463 1341 aie

146 1358 224 1384 tert.
244 1354 384 1391 Moret.‚
408 1356 547 1392 venuste,
574 1355 702 1386 Heinfio
729 1357 846 1397 judice,
872 1367 907 1389 ut
931 1358 985 1389 fit:
1011 1361 1030 1396 i,
1055 1360 1198 1400 accelera3
1223 1373 1286 1392 non
1313 1362 1462 1393 assentiar

148 1404 310 1445 equidem.
357 1407 420 1436 haec
439 1415 547 1449 tempus
563 1406 620 1437 sec.
641 1409 759 1438 Moret.
801 1410 850 1440 hoc
867 1418 888 1439 t.
905 1419 965 1451 eget
981 1411 1136 1449 Dorvill„
1157 1411 1241 1442 felici
1269 1413 1365 1454 lapsu.
1409 1414 1461 1444 hoc

146 1463 169 1485 t.
180 1464 243 1486 erat
259 1455 366 1496 Bigot.
382 1466 399 1486 a
415 1466 458 1486 m.
472 1467 534 1497 pr.,
552 1465 582 1488 et
595 1457 633 1488 ab
645 1457 760 1488 altera:
778 1460 823 1489 hic
839 1469 860 1489 t.
879 1462 930 1490 ait.
1022 1471 1057 1500 15
1065 1471 1092 1500 7.
1114 1464 1187 1505 eripe
1200 1467 1302 1495 morti:
1326 1465 1460 1495 deerant

147 1505 216 1537 haec
227 1506 324 1537 verba
339 1507 435 1538 tertio
454 1507 587 1539 Mentel.
606 1516 638 1539 et
654 1509 768 1550 Regio.
814 1520 898 1541 morte
915 1510 999 1542 Gud.
1016 1520 1047 1542 et
1064 1512 1144 1543 alter
1162 1515 1458 1556 Menagae-—xjss⁹

145 1558 194 1589 Ac
208 1567 239 1589 tu
257 1557 358 1589 Goth.
377 1565 452 1589 tert.
498 1556 543 1590 At
559 1568 589 1590 tu
608 1559 708 1590 Goth.
728 1559 799 1596 sec.‚
816 1559 939 1601 aliquot
957 1562 1040 1593 Pier.
1068 1570 1100 1593 et
1119 1564 1256 1606 Menng.
1272 1576 1320 1606 pr.
1336 1578 1344 1604 ;
1369 1567 1459 1599 idem

147 1611 242 1651 excipe
255 1609 303 1651 f.,
321 1616 391 1641 tum
408 1612 544 1652 inceptum
563 1610 663 1641 Goth.
691 1617 777 1648 tert.²
803 1610 896 1641 male.
942 1623 1097 1656 conceptum
1118 1614 1304 1656 elegantius.
1330 1618 1370 1648 cf.
1385 1619 1456 1661 sup.

145 1669 179 1691 v.
201 1669 417 1701 13.-——159.
442 1669 558 1692 exorata
587 1661 717 1702 Hugen.
764 1663 898 1705 relinquit
923 1664 1015 1696 Leid.
1045 1676 1063 1695 a
1090 1676 1133 1696 m.
1150 1677 1194 1707 pr
1289 1669 1361 1702 160.
1386 1673 1461 1703 vul-

146 1702 210 1742 nere
221 1715 313 1743 mortis
330 1713 393 1742 duo
410 1711 530 1742 Hamb.
623 1713 692 1743 161.
718 1714 771 1743 Ad
790 1713 905 1754 figuras
921 1715 1061 1756 Virgilio
1078 1727 1163 1748 nove
1180 1719 1343 1760 usurpatas
1358 1721 1458 1754 refert

147 1764 297 1796 Macrob.
314 1766 370 1802 Vl,
389 1764 420 1802 6,
434 1766 520 1807 quod
531 1766 568 1796 de
586 1766 709 1796 duobus
723 1766 835 1807 incipit
854 1767 969 1806 dicere,
981 1777 1012 1799 et
1030 1770 1061 1799 in
1076 1780 1177 1802 unum
1188 1771 1310 1805 definit.
1357 1776 1457 1818 Qud

146 1823 255 1846 tamen
277 1827 316 1846 ex
335 1817 480 1847 Homero
504 1816 623 1854 lauda,
648 1817 756 1858 Odyff.
781 1831 816 1857 μ,
841 1827 891 1857 73.
918 1830 970 1858 74,
985 1820 1125 1852 alienum
1141 1822 1195 1854 est.
1244 1824 1455 1866 Hyperbaton

145 1866 207 1897 esse
233 1867 312 1897 dixit
339 1866 476 1905 Servius,
500 1875 535 1898 ut
564 1868 642 1898 ordo
662 1869 717 1899 fit:
742 1870 853 1900 Interea
876 1882 952 1911 reges
975 1872 1130 1913 procedunt
1153 1873 1260 1916 castris,
1285 1885 1398 1908 caetera
1421 1880 1455 1910 in

145 1916 324 1960 parenthesi
340 1917 425 1948 dieta
442 1915 511 1948 sint.
556 1916 626 1948 Hoc
641 1919 826 1960 sequuntur,
844 1929 999 1961 quantum
1027 1917 1131 1960 video,
1156 1923 1362 1967 interpretes;
1386 1929 1457 1970 qui-

146 1967 204 2000 bus
224 1977 331 2000 tamen
348 1979 411 1998 non
426 1969 583 1999 accedam.
632 1970 728 2001 Ponit
746 1971 784 2001 ab
800 1971 891 2001 initio
908 1976 1006 2014 potita
1021 1984 1133 2016 genus,
1148 1984 1179 2006 et
1204 1985 1274 2008 tum
1290 1979 1458 2012 individua,

143 2019 320 2062 subjungit,
342 2018 458 2049 inflexa
483 2019 521 2050 ad
544 2019 576 2050 id
592 2021 747 2053 oratione.
797 2023 994 2064 interpungo
1019 2024 1146 2066 itaque:
1172 2027 1284 2058 Interea
1300 2042 1376 2072 reges
1405 2032 1456 2072 (ct

145 2073 275 2114 quidem
292 2071 397 2112 primo
420 2071 502 2113 Ioco)
528 2073 632 2113 ingenti
646 2074 712 2103 mole
735 2072 857 2104 Latinus
882 2075 1000 2105 vehitur
1027 2084 1086 2106 etc.
1129 2076 1200 2120 bigis
1221 2081 1243 2109 it
1259 2080 1374 2112 ‘Turnus
1390 2089 1454 2116 etc.

144 2125 312 2165 Hincpater
322 2124 594 2154 AEneas—Romae:
611 2124 770 2154 Procedant
780 2123 830 2164 (sc.
845 2126 967 2168 omnes)
980 2126 1083 2168 castris.
1096 2130 1226 2159 continuo
1238 2141 1310 2172 reges
1324 2142 1375 2173 ap,
1392 2134 1454 2164 Ca-

144 2174 264 2205 rissum.
277 2183 307 2203 v.
321 2171 427 2202 Hcins.
449 2174 560 2204 Interea
574 2173 662 2214 (non,
674 2182 708 2204 ut
724 2175 830 2206 Burin.
846 2177 957 2213 tradit,
969 2180 1120 2219 Continuo)
1136 2192 1187 2211 rex
1198 2182 1300 2222 ingenti
1315 2184 1346 2213 de
1360 2186 1425 2215 mole
1435 2195 1453 2215 a

145 2235 189 2256 m,
205 2236 253 2267 pr.
272 2223 559 2255 Rchia——lfnn
585 2225 772 2269 Qcadrtjuge
790 2227 901 2268 Papias
916 2228 949 2258 in
972 2230 1109 2272 Prolepsis
1134 2241 1182 2272 ap.
1213 2232 1323 2266 Burm.
1371 2238 1455 2267 inve-

141 2280 224 2309 hitur
239 2287 288 2318 pr.
303 2285 337 2305 ac
355 2285 406 2315 qu.
427 2276 543 2306 Moret.
562 2283 593 2306 et
608 2276 706 2307 Goth.
725 2285 800 2308 tert.
846 2278 952 2310 Aliter
968 2288 1048 2313 vett.
1069 2282 1282 2315 Grammatici
1299 2293 1330 2317 et
1345 2287 1455 2330 scripti

143 2340 170 2360 c.
189 2328 260 2359 edd.
352 2325 423 2365 163.
447 2326 572 2359 Auratis
587 2337 636 2368 pr.
656 2329 791 2372 Menag.

129 2409 215 2456 san.
255 2404 349 2442 Bene
377 2404 491 2450 Serv„
517 2416 557 2442 ut
576 2406 668 2444 forte
687 2407 763 2458 pos·
831 2410 996 2448 Homero
1022 2411 1172 2462 petitum
1202 2413 1308 2452 Iliad.
1341 2415 1372 2460 ὃ,
1401 2418 1452 2466 64

143 2457 185 2495 fit
199 2456 355 2494 fatorum
375 2457 464 2493 ordo
484 2458 628 2496 mutari.
679 2473 763 2510 155.
830 2461 904 2511 sqq.
962 2464 1047 2501 160.
1066 2465 1255 2502 Incertam:
1286 2466 1310 2503 s.
1330 2478 1450 2507 utrum

142 2509 317 2558 honestum,
346 2508 534 2559 pulchrum
566 2523 611 2546 ex
649 2513 763 2555 καλὸν,
829 2522 980 2551 tentaret
1023 2515 1119 2565 quod
1153 2516 1248 2564 juno
1291 2520 1450 2567 juffcrat,

140 2559 266 2597 utGe.
286 2559 339 2603 II,
362 2572 432 2609 392
461 2570 560 2608 capnt
587 2562 760 2612 honestum.
828 2564 855 2602 s.
881 2566 926 2601 de
943 2578 1071 2604 eventu
1091 2567 1239 2605 incerta.
1295 2570 1394 2607 Nam
1412 2584 1450 2610 v.

147 2621 231 2661 15¹7.
263 2612 305 2660 fi
343 2617 414 2663 quis
457 2614 578 2655 modus,
631 2614 762 2663 exqui-
834 2620 1034 2667 153f0rsan
1052 2635 1095 2654 m.
1116 2622 1201 2666 m.s.

142 2663 206 2700 fite
240 2674 320 2712 pro,
365 2675 580 2713 quocunque
627 2666 760 2710 modo3
885 2671 946 2706 161
977 2668 1052 2719 sqq.
1082 2668 1241 2707 Multum
1272 2671 1452 2721 supetavit

141 2713 249 2751 etiam
277 2713 382 2750 dofte
413 2726 499 2751 mox
523 2725 672 2753 excutere
696 2729 762 2766 pro
827 2716 937 2754 Maro
957 2719 1158 2757 Homerum
1180 2722 1214 2757 in
1232 2722 1450 2762 sollemnibus

141 2774 348 2807 concutere,
392 2765 548 2810 turbare,
593 2772 761 2817 συγχέειν.
825 2769 971 2807 foederis
996 2773 1238 2822 exponendis:
1269 2774 1320 2811 cf.
1341 2775 1449 2815 Iliad.

142 2815 220 2867 sup.
254 2814 346 2860 VH,
377 2828 450 2866 339
468 2818 613 2868 disjicere
633 2829 762 2869 pacem.
824 2839 864 2867 ιγ,
879 2833 950 2872 259
964 2821 1040 2872 sqq.
1093 2830 1221 2875 ingemi
1234 2825 1326 2869 mole,
1347 2839 1447 2877 mag-

141 2865 348 2907 Confilium
379 2878 500 2908 autem
531 2869 686 2920 junonis
717 2884 763 2910 ex
824 2872 1099 2962 naRmolitione‚
1125 2885 1308 2926 apparatu.
1365 2876 1445 2934 &er-

941 2935 959 2962 t
986 2937 1008 2964 2
1344 2940 1447 2970 vius:
