1847 3313
376 275 1169 344 AENE1D03‚L113.X.
1323 309 1416 354 403

107 406 206 462 Sub
229 422 323 480 quo
349 419 482 465 mille
504 435 667 466 manus
687 419 938 483 juvenum,
957 420 1038 482 qui
1059 421 1237 468 moenia
1255 421 1416 478 Clusi,

105 501 303 570 Qique
325 509 492 557 urbem
517 511 695 572 liquere
721 510 887 557 Cosas:
922 511 1026 573 quis
1051 512 1158 568 tela,
1179 512 1362 575 sagittae

110 594 368 659 Corytique
393 599 514 645 leves
538 599 744 645 humeris
770 606 815 646 et
834 598 989 646 letifer
1011 616 1160 646 arcus.

109 685 220 730 Una
258 693 414 731 torvus
453 686 579 732 Abas
606 704 617 732 z
666 685 777 732 huic
803 698 960 733 totum
985 687 1244 751 insignibus
1266 690 1413 737 armis

109 773 315 835 Agmen‚
351 786 396 819 et
420 784 579 820 aurato
604 774 816 837 fulgebat
839 776 1065 839 Apolline
1087 779 1279 841 puppis.
1323 792 1409 839 171

104 861 360 908 -Sexcentos
386 862 454 908 illi
481 863 673 909 dederat
697 863 963 926 Populonia
985 878 1136 913 mater

106 951 339 1014 Expertos
359 953 471 999 belli
487 952 683 1016 juvenes
704 971 714 999 ε
751 953 816 999 ast
836 953 937 1000 Ilva
961 966 1191 1002 trecentos

154 1056 223 1095 167.
248 1059 332 1099 Clufii
356 1058 445 1089 Leid.
494 1059 590 1099 Clausi
611 1058 716 1100 Rigor.
744 1058 775 1089 e't
801 1058 892 1090 Leid.
926 1070 944 1090 a
970 1069 1015 1092 m.
1044 1061 1093 1102 pr.
1186 1060 1256 1103 169.
1279 1063 1412 1105 Gor-yth&

103 1105 212 1142 Carisi,
237 1110 334 1145 Coriti,
355 1111 472 1146 Cerithi,
493 1110 598 1139 Choria·
622 1109 652 1139 in
673 1109 773 1147 libris,
788 1120 896 1151 prave.
945 1113 1096 1142 Graecum
1110 1112 1153 1142 est
1175 1113 1311 1156 ydem-om
1336 1126 1367 1145 v.
1384 1126 1409 1146 c.

107 1158 214 1199 Odyff.
242 1165 273 1198 φ,
293 1169 348 1198 54,
369 1160 422 1190 ubi
441 1171 472 1190 v.
496 1160 637 1190 Eustath.
663 1168 694 1192 et
711 1156 849 1202 Hesych.
878 1161 910 1206 h?
930 1172 983 1200 v.;
1006 1163 1049 1193 est
1065 1167 1172 1194 autem
1194 1175 1232 1195 ex
1254 1166 1330 1204 γαίω,
1353 1166 1411 1205 75,

103 1211 235 1251 antiqua
250 1220 340 1247 voce,
365 1212 454 1252 capio
465 1219 477 1242 >t
502 1218 537 1241 ut
565 1211 616 1241 vix
643 1219 765 1252 putem,
787 1214 903 1255 Cwytus
925 1213 1011 1244 redbe
1032 1214 1125 1245 seribi
1147 1214 1242 1256 poffe.
1337 1225 1411 1256 170.

104 1268 200 1291 torvos
224 1262 318 1292 Rom.
364 1271 457 1292 tarmes
480 1263 562 1291 Ven.
610 1270 710 1293 turnus
734 1264 835 1294 Goth.
852 1264 908 1294 see.
1002 1272 1073 1303 171.
1102 1276 1211 1298 *aurata
1232 1267 1266 1309 f.
1292 1269 1412 1310 imagine

102 1321 151 1353 pr.
169 1312 287 1342 Hamb.
303 1323 361 1354 pro
373 1323 440 1344 var.
460 1312 694 1352 leel.———17z.
708 1313 840 1357 sescentos
857 1313 949 1345 codd.
970 1314 1054 1355 apud
1074 1315 1154 1347 Pier.
1174 1327 1206 1347 et
1224 1317 1308 1348 Gud.
1334 1329 1407 1349 cum

102 1361 185 1392 binis
197 1363 350 1393 Rottend.
395 1363 510 1393 dederat
528 1364 570 1393 illi
587 1363 685 1394 Goth.
704 1365 762 1394 sec.
855 1373 924 1403 173.
942 1365 1010 1395 hello
1026 1365 1132 1406 Bigot.
1179 1369 1305 1399 tricen'tos
1322 1370 1405 1412 Reg.

103 1416 144 1456 ast
159 1415 210 1445 illa
233 1414 334 1446 Goth.
366 1414 422 1445 sec.
469 1415 571 1458 asulva
595 1423 669 1447 tert.
715 1417 804 1448 Tum
825 1417 952 1448 Servius
968 1417 1262 1461 interpungendum
1277 1422 1406 1454 censet³

101 1466 142 1509 ast
156 1466 227 1497 Ilva
244 1474 385 1502 trecentos,
398 1466 492 1508 Insula
509 1467 687 1509 incxhausth.

103 1550 346 1592 adducuntur,
364 1550 544 1600 sigillatim
560 1565 596 1588 ν.
626 1552 717 1590 Exc.

104 1602 149 1637 ad
171 1602 251 1638 h.1.
307 1601 473 1652 Qatuor
503 1616 624 1640 earnm
653 1617 718 1640 co-

101 1652 242 1703 piarum
261 1659 391 1689 turmas
402 1653 518 1690 edidit
535 1666 542 1689 :
566 1654 718 1703 primam

100 1704 330 1740 Clusinorum
345 1715 380 1740 et
406 1705 629 1742 Cosanorum
649 1706 717 1742 du-

100 1755 154 1792 cit
182 1755 338 1802 llfafficus
357 1769 371 1791 .·
399 1755 461 1804 qui
488 1770 615 1793 nomen
636 1757 717 1805 qui-

104 1807 186 1847 dem
202 1812 390 1843 ‘commune
402 1807 507 1850 habet
519 1820 600 1844 cum
617 1821 718 1844 mon-

102 1861 137 1895 te
155 1858 375 1908 Campaniae,
395 1856 485 1894 nihil
505 1872 588 1895 vero
607 1859 717 1903 alind.

104 1909 201 1946 Infra
216 1923 250 1946 v,
287 1909 359 1960 655
397 1910 526 1958 Osinius
553 1910 720 1947 Clusmo-

106 1966 184 1997 rum
203 1973 261 1997 rex
298 1959 371 2009 (sen
385 1960 472 2006 Lar>
504 1961 690 2004 inducitur
708 1975 717 1999 :

100 2024 207 2062 quem
223 2012 286 2048 sub
297 2011 434 2048 Maffici
446 2012 598 2062 imperio
613 2013 719 2063 egiffe

103 2063 235 2099 'necesse
252 2064 311 2099 est.
340 2063 388 2101 cf.
422 2063 476 2099 ibi
495 2064 594 2102 Servs
649 2065 716 2101 Al-

102 2120 212 2158 teram
231 2126 274 2150 ex
292 2114 491 2164 Populonio
514 2123 550 2150 et
576 2115 668 2160 Ilva,
690 2115 719 2153 s.

103 2165 264 2202 AEthalia
295 2165 423 2207 insula,
463 2165 565 2202 ducit
605 2167 718 2211 Abas,

101 2215 241 2252 tertiam
256 2229 299 2254 ex
312 2216 388 2253 Pisa
401 2217 541 2265 Asylas,
556 2228 717 2266 quartam

100 2276 146 2303 'ex
169 2267 271 2304 Caere
290 2279 324 2304 et
342 2266 472 2304 vicinis
491 2268 581 2304 locis
598 2269 716 2306 Astur.

102 2319 295 2355 Accedunt
321 2319 454 2355 auxilia
470 2331 490 2355 e
519 2317 718 2369 Liguribus

100 2374 135 2406 ἢ.
161 2372 228 2420 185
248 2380 283 2406 et
301 2383 320 2406 e
341 2369 548 2407 Mantuanis
575 2384 609 2407 ν.
636 2373 718 2420 198.

101 2415 226 2457 Claffis
241 2421 391 2457 omnino
405 2430 480 2458 erat
499 2420 621 2458 XXX
654 2435 719 2458 na-

100 2472 200 2508 'vium
232 2486 266 2509 v·.
304 2485 391 2520 213³
446 2471 576 2522 Copiae
598 2484 716 2510 aurem

100 2522 199 2559 mille
215 2522 391 2574 sagittarii
410 2537 430 2560 a
464 2522 614 2561 Maffico
632 2524 720 2562 duc-

99 2572 152 2617 ti;
173 2574 346 2624 nongenti
365 2572 493 2611 armati
513 2575 576 2611 sub
594 2575 719 2612 Aban-

100 2633 150 2668 t'e,
169 2624 267 2661 mille
285 2624 349 2661 alii
367 2624 432 2663 sub
457 2626 583 2675 Asyla,
608 2637 643 2663 et
662 2635 718 2663 to-

100 2674 212 2712 tidem
233 2674 299 2712 sub
318 2675 457 2715 Asture.
512 2677 719 2727 Reprehen-

101 2725 159 2762 dit
190 2725 228 2762 in
247 2725 301 2762 his
318 2727 591 2765 Grammaticus
624 2729 718 2779 apud

100 2775 270 2815 Macrob.
283 2775 336 2822 V,
353 2787 367 2816 1
378 2793 395 2831 ς
408 2779 558 2817 obscura
571 2779 719 2817 nomina

102 2825 305 2876 hominum,
338 2843 492 2882 quorum
533 2831 633 2869 nulla
676 2831 718 2870 in

784 1553 879 1603 seqq.
909 1551 1063 1604 insignia
1090 1556 1183 1595 faela
1204 1568 1406 1598 memoran-

783 1615 856 1641 tur.
912 1604 1048 1644 Melius
1062 1608 1186 1658 utique
1200 1610 1404 1650 consultum

783 1655 899 1692 fuiffet
917 1657 1086 1703 carmini,
1105 1660 1129 1695 fi
1149 1661 1294 1698 nomina
1309 1663 1405 1701 clara

781 1709 896 1756 poetae
907 1708 952 1744 ad
968 1721 1112 1746 manum
1131 1711 1286 1750 fuissent.
1306 1714 1405 1753 Cum

783 1767 900 1794 tamen
919 1761 1042 1796 omnia
1054 1761 1129 1797 haec
1149 1763 1192 1799 ad
1209 1764 1405 1813 probabili-

785 1818 893 1845 tatem
912 1810 944 1846 ei
963 1810 1129 1860 fingenda
1145 1813 1293 1858 fuerint,
1314 1831 1406 1867 que-

785 1861 866 1897 relae
895 1860 974 1897 sane
1004 1862 1085 1899 sunt
1114 1864 1236 1902 saltem
1265 1868 1403 1905 otiosae.

783 1923 897 1948 oerata
924 1917 1020 1964 ngr-f,
1052 1927 1119 1964 pro
1138 1917 1219 1954 navi
1245 1931 1327 1955 cum
1348 1920 1403 1957 in-

783 1962 875 2013 figni
894 1963 1038 2013 tigridis
1055 1966 1093 2002 in
1126 1978 1252 2016 prora:
1281 1981 1319 2006 ut
1349 1971 1400 2017 V,

790 2014 859 2051 116
878 2013 972 2065 sqq.,
990 2025 1025 2052 et
1043 2016 1112 2054 inf,
1129 2033 1164 2056 v·.
1204 2033 1289 2071 205.
1312 2025 1401 2068 206,

783 2074 818 2101 et
835 2078 871 2101 V·-
895 2078 979 2116 2092
1024 2067 1098 2105 Sub
1117 2069 1266 2108 Nlaffico
1286 2089 1404 2112 manus·

784 2125 917 2160 turma,
931 2118 1194 2170 mdlejuvmum
1204 2134 1290 2159 erat.
1316 2139 1356 2176 17
1368 2141 1399 2165 x.

783 2184 818 2204 a.
832 2171 876 2213 s.
895 2169 1047 2217 Apolline
1065 2175 1196 2222 puppis.
1252 2174 1351 2226 Ergo
1372 2177 1404 2215 is

783 2220 893 2255 tutela
924 2220 1023 2257 navis
1057 2235 1145 2260 erat.
1199 2225 1267 2262 Sed
1293 2233 1401 2277 poeta

783 2269 818 2306 in
838 2270 987 2315 caeteris,
1021 2282 1110 2310 utet
1128 2274 1201 2326 sup.
1237 2277 1287 2322 V,
1328 2281 1400 2317 116

782 2321 877 2371 sqq.,
905 2322 1058 2373 insignia
1077 2328 1238 2370 navium,
1258 2329 1314 2367 seu
1337 2344 1399 2380 pa·
1443 2360 1447 2365 .

783 2372 917 2409 rasema
951 2375 1067 2423 ponit,
1109 2391 1190 2427 quae
1220 2381 1258 2417 in
1293 2394 1398 2431 prora

783 2423 862 2459 sunt
881 2438 891 2467 ς
918 2424 979 2461 etfi
998 2426 1073 2464 haec
1089 2427 1178 2474 duo,
1209 2431 1345 2481 insigne
1363 2444 1400 2472 et

782 2475 945 2519 tutelam,
1000 2479 1112 2528 vulgo
1169 2482 1401 2523 confundunt

783 2525 888 2563 multi
909 2542 942 2584 3·
956 2526 1077 2578 itaque
1115 2539 1248 2582 puppim
1281 2535 1400 2583 potius

783 2589 849 2626 pro
860 2590 943 2614 navt
959 2580 1109 2617 omnino
1122 2583 1254 2620 dietam
1268 2585 1396 2623 velim:
1410 2612 1412 2615 -

784 2637 823 2664 ut
841 2629 960 2678 paullo
971 2640 1052 2668 ante
1068 2633 1165 2671 versu
1191 2637 1274 2685 156.
1311 2637 1398 2675 Tri-

783 2679 863 2716 buit
879 2690 997 2718 autem
1024 2699 1125 2720 arma
1141 2688 1283 2736 irfigm'a
1314 2688 1398 2729 huie
1451 2723 1456 2728 .

786 2740 925 2777 turmae,
960 2732 1115 2784 respeRu
1135 2737 1180 2772 ad
1213 2738 1298 2776 ferri
1328 2754 1401 2778 me-

782 2781 884 2827 talla,
912 2783 1043 2832 quibus
1072 2786 1160 2824 olim
1189 2788 1268 2825 Ilva
1304 2793 1401 2830 clara.

781 2842 872 2876 erat,
901 2834 1040 2876 habito.
1097 2850 1183 2888 ¹72·
1218 2841 1399 2892 Populomkc

835 2884 868 2922 C
891 2897 909 2922 c
940 2898 961 2925 2
1294 2906 1404 2936 mater
