1847 3313
424 303 518 356 174
573 291 626 340 P.
674 288 895 340 VIRG.
945 286 1593 358 MAR.AENE1DOS,
1631 290 1728 353 &cn

418 421 551 463 biliora
582 424 699 463 obiter
732 425 867 476 hospiti
901 425 1057 463 recenset
1091 427 1307 479 310—369.
1372 428 1548 466 Postridie
1576 432 1724 479 AEneas,

419 493 581 544 equitum
607 494 955 545 quadringentorum
975 494 1131 533 subfidio
1149 496 1306 546 adjutus,
1334 496 1463 547 quibus
1482 511 1630 549 praeerat
1651 502 1729 541 Pal-

418 557 484 609 las,
512 564 641 602 unicus
663 564 822 602 Evandri
841 565 949 610 filius,
975 574 1112 615 partem
1130 567 1318 617 copiarum
1338 567 1495 605 secundo
1520 569 1666 609 flumine
1683 572 1731 609 ad

417 635 500 673 suos
518 633 691 671 remittit:
730 633 804 683 ipse
833 647 917 670 curn
953 632 1101 684 reliquis
1121 633 1309 685 Agyllam,
1337 634 1613 675 florentiffimam
1631 638 1731 689 Tyr-

419 705 614 742 rhenorum
633 702 835 746 civitatem,
861 701 952 752 petit
967 716 978 745 3
1007 701 1166 739 cuicum
1184 701 1388 747 Mezentio,
1416 716 1521 754 quem
1547 704 1596 742 ob
1630 704 1729 744 intoss

418 771 604 808 lerandam
619 769 871 808 crudelitatem
899 783 1011 821 regno
1027 770 1229 821 expulerat,
1256 770 1482 807 internecina
1508 771 1595 809 odia
1618 772 1731 812 inter-

415 839 593 878 cedebant
608 851 825 891 454—519.
878 839 1027 876 Interim
1042 831 1241 884 Vulcanus,
1283 838 1408 877 uxoris
1443 839 1637 878 blanditiis
1665 842 1730 879 ad-

416 907 558 951 dufffls,
585 906 754 957 privigno
787 906 851 943 suo
880 919 978 943 arma
1010 906 1209 944 fabricatur
1244 919 1464 957 370—453,
1491 906 1690 958 eademque
1707 917 1728 945 a·

418 974 564 1013 Venere
581 975 627 1012 ad
646 973 795 1012 AEneam
814 973 1047 1020 deferuntur;
1077 974 1140 1024 qui
1167 987 1348 1011 armorum
1383 974 1654 1024 pulchritudine
1668 975 1732 1014 de-

416 1044 582 1090 leetatus,
610 1056 692 1081 cum
723 1052 850 1080 caetera
878 1043 1001 1080 omnia
1031 1053 1108 1080 tum
1142 1044 1300 1095 clipeum
1334 1043 1519 1094 inprimis,
1547 1044 1611 1095 qui
1638 1058 1690 1083 res
1709 1051 1732 1084 a

418 1113 623 1166 posteritate
641 1113 701 1150 sua
719 1112 853 1150 strenue
871 1113 1042 1164 gerendas
1060 1111 1214 1150 habebat
1238 1113 1411 1164 depif‘taS,
1436 1112 1593 1151 studiose
1611 1114 1730 1152 admi-

420 1193 520 1222 ratur
539 1195 614 1235 520
629 1183 728 1234 adj]

473 1305 595 1342 Etiam
614 1305 675 1342 hic
693 1304 785 1342 liber
800 1304 898 1342 bello
915 1316 1042 1354 paran-

421 1358 473 1392 do
519 1356 755 1400 consumitur,
809 1355 1044 1407 inprimisque

423 1406 569 1444 auxiliis
583 1407 806 1451 arcessendis,
810 1406 1044 1444 cumTurnus

449 1471 487 1494 er
504 1459 640 1508 legatos
661 1458 891 1502 Diomedem,
916 1458 1046 1496 AEneas

421 1469 631 1546 Evandrum
647 1509 736 1547 adit.
756 1509 850 1561 Qae
864 1522 916 1546 res
929 1507 1045 1560 episo-

1110 1305 1242 1346 terant,
1269 1302 1399 1353 quibus
1427 1303 1491 1340 ille
1518 1316 1559 1341 ea
1578 1302 1731 1340 medita-

1108 1355 1227 1392 batur.
1280 1355 1362 1403 Jam
1393 1354 1553 1405 origines
1574 1355 1671 1392 Latii
1694 1363 1732 1391 et

1110 1406 1254 1450 Romae,
1281 1407 1327 1442 ad
1355 1406 1511 1442 nostrum
1541 1406 1634 1443 forte
1656 1406 1745 1442 sen--

1109 1457 1202 1500 sum,
1234 1456 1298 1494 nifi
1317 1457 1494 1507 peculiare
1509 1457 1662 1494 studium
1677 1455 1734 1493 his

1109 1507 1241 1545 litteris
1271 1508 1469 1551 addixeris,
1513 1521 1638 1558 parum
1668 1509 1730 1558 ju-‘

423 1560 589 1598 dioviam
597 1560 713 1597 munit
721 1560 1047 1597 elaboratiffimode

420 1610 476 1647 Ev
482 1611 594 1648 andro
596 1624 684 1661 ,quo
693 1609 831 1648 fabulas
841 1611 1049 1649 vetereslta-

421 1663 482 1700 liae
488 1673 523 1700 et
534 1663 692 1713 origines
705 1662 1051 1701 coloniaeArcadicae

424 1714 465 1751 in
481 1714 644 1752 Palatino
662 1723 784 1752 monte
797 1714 960 1765 exponit,
974 1713 1050 1751 Ro-

425 1766 541 1802 manis
584 1765 734 1815 cognitu
764 1766 1046 1814 jucundiffimas.

426 1817 505 1874 Qi
515 1826 632 1854 autem
651 1816 870 1854 deAEneidis
886 1817 1047 1867 praestan-

424 1869 479 1905 tia
497 1869 589 1905 reete
612 1867 776 1917 judicare
794 1868 886 1913 vult,
914 1881 985 1905 non
1002 1881 1047 1904 ex

424 1918 652 1956 nostrorum
642 1918 874 1969 ingeniorum
895 1929 930 1956 et
963 1929 1047 1956 aeta-

425 1970 475 2007 tis
485 1970 593 2020 genio
599 1970 783 2028 judicium
795 1969 910 2008 facere
920 1970 1044 2015 debet3

425 2021 467 2059 id
485 2021 607 2079 quod
597 2031 841 2071 importunum
860 2022 956 2064 esset,
983 2000 1045 2058 etsi

424 2072 616 2123 plerique
606 2083 657 2109 lta
673 2073 832 2116 faciunt3
862 2072 923 2110 sed
937 2073 976 2111 id
991 2086 1047 2111 re-

424 2123 559 2173 spicere
577 2123 766 2175 animoque
784 2124 928 2174 affequi,
939 2138 1048 2175 quam

427 2175 703 2214 delectationem
734 2180 850 2226 poetae
884 2176 1048 2213 carmina

427 2225 604 2265 Romanis
613 2227 831 2279 potiffimum
845 2227 968 2266 afferre
980 2240 1047 2280 po-

1111 1560 1252 1604 cundae,
1290 1559 1464 1597 Romanis
1499 1559 1595 1597 haud
1621 1559 1734 1597 dubie

1111 1611 1178 1648 effe
1195 1611 1396 1648 debuerunt
1427 1611 1578 1661 cognitu
1596 1610 1733 1661 gravis-

1112 1662 1207 1700 fimae
1222 1676 1231 1699 :
1276 1672 1313 1700 et
1345 1661 1409 1713 qui
1441 1662 1730 1706 delec'tationem‚

1112 1727 1192 1764 quae
1208 1713 1295 1751 inde
1330 1713 1411 1764 capi
1429 1714 1557 1763 potest,
1582 1713 1732 1751 aestima==

1111 1778 1149 1801 re
1166 1765 1257 1809 vult,
1284 1773 1366 1802 ante.
1393 1764 1518 1802 omnia
1547 1764 1628 1814 ipfis
1655 1765 1731 1802 illis

1111 1815 1315 1867 originibus
1330 1826 1493 1853 accurate
1509 1815 1731 1866 cognoscen-

1109 1867 1168 1904 dis
1195 1877 1232 1904 et
1262 1867 1458 1904 enodandis
1490 1880 1634 1915 operam
1663 1868 1732 1904 im-

1109 1918 1241 1969 pendat
1254 1918 1385 1955 necesse
1401 1919 1461 1956 est.
1499 1918 1615 1976 Qod
1632 1918 1732 1957 idem

1110 1979 1151 2007 ut
1167 1970 1280 2007 faciat
1295 1978 1394 2007 tanto
1412 1982 1526 2020 magis
1543 1970 1730 2020 interpreti

1109 2021 1332 2065 incumbere,
1358 2020 1612 2070 reetejudices.
1641 2021 1730 2059 Suc-

1109 2073 1206 2110 cedit
1223 2072 1322 2110 aliud
1340 2072 1541 2123 episodium
1559 2071 1605 2109 de
1621 2073 1734 2109 armis

1109 2134 1145 2162 et
1157 2124 1274 2174 clipeo
1290 2123 1427 2169 AEneae,
1444 2124 1543 2181 quod
1560 2133 1595 2160 et
1613 2122 1728 2174 ipsum

1110 2176 1156 2213 ad
1176 2176 1420 2213 Romanorum
1451 2173 1564 2212 studia
1583 2187 1729 2226 compa-

1111 2237 1228 2266 ratum
1245 2226 1310 2266 effe
1325 2226 1551 2267 manifestum
1567 2226 1622 2266 fit«-
