1847 3313
409 271 827 364 AENssinos,
879 306 1032 356 ΜΒ.
1083 307 1201 356 XII.
1370 318 1468 371 709

155 446 366 496 Ulterius
391 463 449 493 ne
471 447 612 493 tende
635 447 776 496 odiis.
847 447 986 493 Stetit
1009 462 1115 493 acer
1138 446 1184 493 in
1207 445 1352 494 armis

147 533 338 591 AEneaS‚
362 536 552 581 volvens
576 535 753 591 oculos,
778 535 1088 598 dextramque
1112 534 1351 597 repreffit3

146 625 213 672 Et
229 625 332 688 jam
348 622 544 688 jamque
564 623 715 686 magis
741 623 1043 670 cunctantem
1068 622 1253 670 fleeftere
1276 623 1432 671 sermo

149 711 405 775 Coeperat:
448 711 612 759 infelix
637 712 837 758 humero
861 728 974 758 cum
996 713 1214 777 adparuit
1236 713 1333 760 alto
1368 726 1457 777 941

145 800 350 860 BalteuS‚
378 816 425 849 et
447 804 571 849 notis
597 801 820 849 fulserunt
841 803 1035 864 cingula
1059 803 1202 850 bullis

146 894 372 943 Pallantis
395 897 558 959 pueri3
594 894 773 941 vidium
798 911 943 958 quem
967 896 1157 943 volnere
1181 896 1372 944 Turnus

145 986 398 1040 straverat,
427 997 565 1046 atque
592 983 800 1031 humeris
831 984 1086 1034 inimicum
1115 985 1297 1048 infigne
1323 1000 1464 1049 gere-

342 1072 439 1122 bat.

142 1167 249 1224 Ille,
266 1166 417 1214 oculis
435 1164 686 1226 postquam
706 1162 815 1210 saevi
838 1177 1146 1212 monumenta
1164 1166 1341 1214 doloris
1366 1179 1456 1229 945

141 1257 447 1320 Exuviasque
470 1254 636 1311 hausit,
662 1253 793 1303 furiis
817 1255 1056 1313 adcensus,
1081 1269 1126 1302 et
1150 1256 1217 1304 ira

145 1347 421 1397 Terribilis:
459 1344 598 1390 Tune
622 1343 732 1389 hine
758 1342 920 1406 spoliis
942 1344 1104 1392 indute
1122 1362 1342 1396 meorum

141 1438 360 1502 Eripiare
380 1433 533 1482 mihi?
567 1432 719 1480 Pallas
744 1444 791 1480 te
815 1434 903 1480 hoc
930 1435 1134 1493 volnere,
1158 1435 1310 1484 Pallas

185 1586 261 1630 938.
286 1599 334 1618 nec
356 1595 379 1617 t.
408 1583 667 1624 Leid.—-—-940.
702 1595 726 1615 c.
751 1582 794 1624 fl
829 1592 942 1614 mentem
970 1583 1092 1625 aliquot
1126 1586 1377 1628 Pier.—-—941.
1401 1587 1462 1619 alto

140 1639 268 1672 editum
294 1638 400 1669 indea
427 1646 475 1677 pr.
503 1635 573 1666 edd.
622 1636 776 1665 Attamtn
804 1636 897 1675 ingens
922 1635 1059 1666 Carisius
1083 1636 1137 1668 lib.
1168 1639 1178 1667 I
1206 1638 1334 1669 laudat:
1362 1649 1459 1679 quam

143 1693 206 1723 Ge.
226 1689 388 1721 Fabricius
404 1687 551 1718 omnium
570 1693 722 1716 -veterum
747 1685 903 1715 librorum
934 1686 1105 1718 leel-ionem
1133 1688 1193 1719 effe
1218 1690 1274 1727 ait,
1299 1697 1460 1721 mutatam

141 1744 182 1776 ab
198 1744 248 1781 iis,
262 1743 317 1783 qui
334 1741 410 1772 bina
426 1740 481 1770 uni
498 1739 623 1769 nomini
645 1738 787 1780 epitheta
809 1738 933 1780 (infelix
950 1742 1043 1781 ingens
1059 1740 1191 1780 lmitcus)
1214 1742 1345 1783 adjungi
1363 1741 1459 1772 vitio-

142 1795 213 1828 sum
238 1793 464 1826 existimarent.
510 1793 557 1821 Ex
574 1790 666 1822 codd.
697 1799 804 1820 tamen
820 1789 881 1819 suis
897 1800 954 1820 nec
979 1791 1063 1822 Pier.
1088 1802 1145 1822 uec
1172 1792 1322 1824 Heinsius
1346 1794 1379 1824 id
1403 1792 1460 1823 fir-

142 1856 249 1881 mant:
277 1845 406 1876 videtur
428 1843 546 1884 ubique
571 1843 628 1873 alto
656 1842 739 1884 legi:
773 1842 831 1875 alte
858 1842 995 1875 Oudart.
1042 1844 1116 1874 ultro
1143 1844 1282 1874 Parthas
1376 1854 1454 1885 942.

131 1902 288 1946 fluxerunt
304 1894 579 1938 Bigot.--946.
602 1895 720 1934 incensas
738 1892 876 1925 Dorvill.
967 1903 1038 1934 947.
1064 1895 1165 1937 Spoliis
1183 1904 1248 1926 tune
1263 1897 1327 1926 hinc
1350 1895 1455 1928 Goth.

135 1947 202 1985 sec.
245 1953 292 1982 hzc
321 1947 477 1985 Parrhat,
500 1945 545 1976 ita
571 1946 630 1976 erit
656 1947 737 1977 ‘Tune
751 1947 815 1982 hic3
838 1953 892 1976 ut:
917 1944 971 1975 ille
998 1957 1070 1989 ego.
1118 1949 1146 1977 in
1158 1947 1255 1990 spoliis
1279 1946 1361 1978 alter
1385 1949 1456 1980 Me-

141 2001 380 2047 nag,-—-948.
404 2000 538 2042 Eripiere
554 1998 698 2030 Parthas.
742 2006 768 2029 te
784 1997 868 2029 abest
884 1997 978 2030 Leid.
1013 1997 1015 1999 ’

139 2130 377 2180 depreeatur:
405 2124 490 2162 vitae
507 2133 627 2161 tamen
663 2123 766 2160 usum
830 2134 927 2159 nune
959 2134 1076 2159 rerum
1106 2122 1216 2160 cardo
1234 2121 1387 2161 vertitur
1419 2133 1457 2163 et

140 2194 208 2220 nec
221 2179 354 2220 renuit,
407 2178 497 2226 938.
517 2192 596 2214 acer
611 2183 646 2212 in
663 2181 766 2212 armis
831 2187 910 2224 quae
929 2173 1145 2211 luculentius
1163 2186 1287 2212 ammo
1305 2185 1381 2211 erat
1400 2188 1455 2212 re„

138 2230 326 2287 jungenda
369 2229 438 2266 effe
482 2237 602 2265 monet
646 2228 766 2269 Serv„
829 2223 1088 2275 praesentanda.
1143 2225 1242 2262 Turn
1264 2239 1347 2263 vero
1375 2234 1457 2265 netz}

141 2284 263 2323 nescio
282 2295 327 2321 an
363 2279 444 2317 satis
473 2279 576 2317 bene.
632 2278 713 2328 Ego
732 2285 767 2315 in
820 2276 996 2327 fizlstrunt
1021 2276 1155 2328 cingula
1185 2277 1282 2314 bullis
1307 2279 1456 2327 poetica

141 2343 245 2377 armis
265 2332 390 2371 malim
425 2330 585 2367 absolute
613 2330 767 2374 dietum,
833 2328 949 2365 forma
975 2327 1128 2369 distum,
1160 2341 1247 2378 pro:
1277 2340 1311 2365 et
1331 2329 1453 2375 bullae,

142 2397 315 2429 mmmm,
361 2395 398 2421 ut
434 2393 524 2426 erat,
552 2385 671 2432 stetit3
715 2382 763 2418 est
829 2389 1038 2416 ornamenta
1074 2389 1175 2422 nota,
1213 2380 1385 2417 fulserunt
1414 2382 1453 2419 in

140 2441 238 2478 enirn
258 2436 585 2488 ροέῑὶςαένάξγειοι.
630 2435 764 2473 AEneas
827 2430 991 2481 cingulo.
1075 2430 1203 2479 Itaque
1254 2431 1453 2470 verendum

139 2491 251 2531 stabat
268 2500 389 2526 tenens
402 2486 558 2536 clipeum
576 2496 611 2522 et
629 2485 762 2528 ensem,
827 2496 903 2519 non
930 2490 1020 2526 erat,
1049 2493 1094 2518 ne
1123 2481 1256 2519 otiosus
1273 2483 1356 2519 esset
1375 2496 1453 2521 ver-

140 2543 316 2585 striPtum,
336 2550 375 2577 ut
391 2550 436 2575 ex
456 2551 492 2576 V.
509 2551 585 2588 950
603 2545 761 2587 apparet.
827 2533 896 2571 sus.
950 2546 1039 2584 945.
1089 2533 1184 2571 oculis
1227 2535 1296 2571 hau
1311 2546 1339 2570 tt
1374 2534 1452 2583 jam

194 2607 273 2644 940
287 2592 365 2642 sqq.
395 2589 486 2626 Haec
498 2589 574 2638 jam
588 2600 761 2639 praepara-
827 2585 902 2636 sup.
919 2582 992 2629 IV,
1013 2585 1101 2623 661.
1155 2598 1244 2636 945.
1264 2600 1452 2624 monumen-

142 2656 240 2684 verat
259 2645 336 2694 sup.
357 2641 423 2679 lib.
444 2639 499 2682 X,
519 2654 590 2691 495
612 2639 664 2691 sq.
688 2651 761 2689 500
825 2647 863 2673 ta
881 2636 996 2673 doloris
1021 2635 1057 2672 h.
1089 2637 1113 2672 1.
1142 2649 1220 2685 quae
1238 2637 1452 2676 memoriam

143 2709 285 2748 ...505.
338 2707 428 2744 942.
458 2691 633 2735 Balneum,
652 2705 671 2728 e
688 2702 761 2740 quo
827 2697 1012 2729 renovant,
1042 2688 1327 2724 recordationem
1347 2689 1451 2725 dolo-

141 2750 230 2788 enfis
248 2745 442 2798 pendebat,
462 2755 546 2780 mox
565 2754 688 2779 ornate
700 2742 761 2778 de·
827 2740 875 2776 ris
902 2751 946 2776 ex
979 2737 1150 2775 Pallantis
1175 2749 1300 2775 morte.
1358 2753 1451 2790 947.

141 2802 268 2846 clarat,
296 2808 478 2849 tamquam
509 2807 598 2841 rem,
626 2794 666 2832 in
692 2805 764 2847 qua
826 2806 965 2830 meorum
990 2790 1166 2840 graviter,
1196 2803 1263 2843 pro
1299 2803 1373 2828 uno
1405 2802 1450 2828 ex

1005 2855 1027 2893 5
1363 2841 1450 2887 suis,
