1847 3313
419 292 511 340 492
798 272 1298 323 EXCURSUS
1351 274 1375 321 I

419 404 578 446 oriente,
598 401 720 441 versus
738 401 861 444 Caere,
886 402 1010 453 Pyrgi.
1066 401 1158 452 Egit
1177 401 1224 440 de
1243 401 1404 452 utrisque
1429 401 1630 454 diligenter
1648 402 1737 441 Clu·

422 478 502 502 ver.
522 462 607 501 Ital.
627 476 664 513 p.
695 465 784 512 483.
805 474 896 512 495.
953 459 1102 500 Servius
1129 461 1177 498 ad
1201 461 1238 499 h.
1268 462 1295 500 1.
1323 461 1469 513 Pyrgos
1488 463 1540 500 ait
1571 462 1738 514 castellum

421 524 521 562 fuisse
540 522 766 572 nob-'lg'fflmum
781 537 814 558 eo
834 531 989 573 tempore,
1009 536 1068 572 quo
1080 518 1181 572 ‘Tusci
1194 525 1384 572 piraticam
1401 527 1610 562 exercuerint
1631 525 1737 569 (nam

424 584 496 625 illic
525 582 713 633 metropolis
735 585 816 631 suit
831 596 846 619 .·
887 580 934 619 ab
952 579 1100 619 indosto
1118 580 1267 618 homine
1287 580 1359 619 fuit
1390 580 1593 630 adjectum)
1614 595 1623 619 :
1653 583 1744 631 quod

414 646 528 695 postea
558 653 786 694 expugnatum
814 657 838 678 a
868 641 1024 692 Dionysto
1059 652 1204 691 tyranno
1241 640 1376 678 Siciliae
1404 643 1531 680 dicitur
1571 640 1740 691 (Diserte

421 714 592 743 narratur
612 717 668 742 res
688 716 708 740 a
728 701 898 741 Diodoro
918 701 1009 743 XV,
1045 712 1107 749 14,
1139 699 1202 737 ubi
1222 700 1271 737 cf.
1304 700 1563 752 Weffeling.),
1601 703 1641 739 de
1677 716 1741 752 quo

421 765 570 803 Lucilius
587 780 600 805 .·
631 764 762 800 Scorta
784 760 999 812 Pyrgentia.
1057 761 1168 811 Pyrgi
1191 759 1269 810 jam
1290 760 1425 798 Rutilii
1444 770 1566 804 aetate,
1587 760 1739 798 ineunte

426 826 521 863 Saec.
540 825 601 863 V:
632 825 733 861 Nunc
758 821 862 860 ‹vsllae
874 823 1041 873 grandes,
1069 822 1193 870 oppida
1207 830 1336 872 parva
1349 824 1449 872 prius
1464 820 1552 860 Itin.
1587 822 1618 864 Ι,
1647 834 1739 872 223.

427 898 516 939 224.
572 883 739 923 Omnino
759 893 854 921 totus
883 881 944 920 ille
965 880 1100 920 Rutilii
1119 881 1222 919 locus
1243 893 1326 920 curn
1347 882 1416 919 hac
1435 880 1610 921 carminis
1634 891 1742 931 parte

424 945 695 996 comparandus
729 944 791 982 est.
863 941 973 992 Qod
1014 941 1213 987 Graviscas
1245 943 1457 993 intempestus
1484 941 1599 985 dixit,
1635 940 1741 980 fitum

425 1006 582 1058 respexit
600 1006 636 1044 in
664 1004 794 1044 humili
815 1017 857 1042 ac
878 1002 1023 1054 palustri
1042 1002 1196 1054 planitie
1215 1002 1278 1041 sub
1306 1003 1494 1042 montibus
1515 1001 1741 1040 Cornetanis

426 1069 553 1106 alaeva
573 1066 708 1105 Martae
734 1065 908 1104 fluminis.
964 1062 1082 1102 Rutil.
1114 1062 1204 1102 Itin.
1235 1062 1270 1106 I,
1304 1066 1377 1102 282
1407 1062 1614 1105 Graviscae,
1639 1063 1742 1112 Qus

420 1127 547 1179 preniit
566 1131 708 1179 a’stivae
727 1129 825 1176 saepe
846 1125 987 1177 paludis
1004 1126 1097 1162 odor.
1152 1123 1251 1161 Cato
1270 1123 1308 1161 in
1337 1122 1480 1175 Origg.
1515 1123 1614 1175 apud
1634 1123 1746 1162 Serv·

425 1189 472 1228 ad
492 1190 528 1226 h.
546 1189 573 1226 l.
604 1189 679 1226 Ideo
701 1188 887 1227 Gra-viscae
901 1186 1118 1233 diHaesunt,
1146 1186 1232 1236 quod
1241 1198 1396 1234 gravem
1413 1185 1526 1222 aerem
1546 1187 1713 1234 sustinent
1727 1197 1742 1221 .·

425 1250 525 1302 quod
540 1249 565 1287 fi
584 1249 635 1286 ita
653 1248 718 1291 est,
745 1259 880 1285 nomen
899 1258 920 1283 a
939 1245 1119 1285 Romanis
1138 1245 1290 1285 demum
1313 1244 1371 1282 vel
1387 1258 1408 1281 a
1424 1245 1569 1284 Latinis
1585 1244 1746 1283 inditum

427 1313 496 1350 effe
515 1309 657 1348 debuit.

478 1369 572 1409 Inde
589 1382 611 1406 a
631 1381 669 1404 v.
704 1368 771 1418 185
804 1366 948 1416 Ligures
975 1363 1136 1402 Etruscis
1156 1363 1312 1404 comites
1331 1362 1451 1406 dedit,
1480 1363 1647 1402 vicinum
1673 1377 1744 1414 po..

426 1431 570 1482 pulum,
586 1427 736 1479 quicum
752 1426 867 1463 multa
881 1424 978 1462 bella
995 1425 1179 1475 gesserant
1192 1433 1337 1461 veteres
1353 1423 1498 1464 Etrusci
1514 1438 1523 1462 ε
1543 1437 1641 1462 nunc
1655 1433 1748 1463 vero

428 1489 607 1528 addidisse
622 1500 684 1525 eos
711 1485 856 1523 videtur
880 1494 1096 1536 propterea,
1126 1482 1302 1534 quoniam
1330 1494 1501 1522 ornatum
1520 1483 1634 1521 dabat
1661 1497 1745 1523 car-

428 1549 520 1588 mini
540 1561 583 1585 ea
603 1560 708 1599 gens,
737 1545 876 1596 quippe
897 1544 942 1582 de
957 1557 1032 1593 qua
1050 1552 1193 1581 veteres
1212 1543 1362 1585 fabulae,
1393 1546 1588 1594 poetarum
1608 1543 1746 1582 earmi-

428 1611 536 1649 nibus
558 1609 776 1649 decantatae,
796 1606 882 1644 olim
903 1606 1005 1643 fuere
1017 1604 1165 1654 plures3
1194 1603 1325 1654 quibus
1345 1605 1503 1642 cauffam
1518 1604 1619 1642 dedit
1635 1605 1746 1643 Grae„

428 1684 557 1711 corum
582 1668 783 1720 priscorum
811 1666 1001 1715 ἀγιςοξησία
1030 1663 1069 1701 in
1083 1664 1139 1701 his
1160 1664 1265 1706 locis,
1283 1663 1370 1701 dum
1396 1663 1536 1702 Padum
1565 1665 1590 1705 s.
1612 1664 1747 1702 Erida-

392 1770 394 1773 ,
427 1746 518 1770 num
537 1730 573 1768 in
596 1728 779 1779 Ligurum
801 1726 930 1764 finibus
950 1739 995 1763 ex
1011 1736 1140 1765 monte
1159 1725 1295 1763 Vesulo
1315 1735 1434 1762 ortum
1456 1739 1527 1762 una
1545 1738 1629 1763 cum
1651 1726 1749 1765 ostiis

430 1803 468 1830 et
486 1790 649 1833 succino,
668 1799 746 1826 tum
764 1787 1035 1826 Phaethontem
1056 1795 1093 1824 et
1111 1786 1290 1836 Cygnum
1319 1785 1366 1823 ad
1396 1786 1556 1837 Ligures
1575 1788 1748 1827 retulere.

430 1850 664 1900 Pherecydes
698 1848 836 1899 primus
873 1847 1083 1885 fabularum
1114 1847 1247 1884 harum
1279 1847 1405 1884 attestor
1437 1847 1539 1885 fuisse
1569 1846 1716 1885 videtur
1736 1862 1747 1888 z

430 1913 556 1951 saltem
571 1910 601 1949 is
620 1909 760 1959 primus
774 1906 975 1944 Eridanum
991 1906 1108 1943 edidit
1123 1905 1318 1944 secundum
1333 1906 1531 1957 Hyginum
1546 1907 1624 1944 fab.
1650 1919 1749 1959 1545

430 1973 596 2012 fabulam
627 1969 673 2007 de
701 1968 930 2006 Phaethonte
963 1975 1000 2004 et
1017 1966 1218 2005 Heliadum
1246 1967 1380 2004 elefitro
1407 1967 1517 2016 primi
1536 1967 1750 2017 AEschylus‚

432 2033 673 2072 Philoxenus,
693 2025 896 2068 Nicander,
917 2025 1131 2076 Euripides,
1153 2026 1320 2077 Satyru5‚
1339 2026 1544 2064 commenti
1558 2028 1627 2064 effe
1643 2026 1750 2063 vide-

433 2092 570 2130 bantur
591 2088 711 2126 Plinio
733 2087 944 2128 XXXVII,
966 2099 986 2123 2
1019 2086 1042 2123 s.
1071 2099 1128 2129 11,
1153 2097 1186 2124 1.
1239 2085 1301 2126 De
1319 2087 1460 2125 caeteris
1491 2086 1568 2124 vid.
1585 2087 1680 2125 Not.
1703 2087 1751 2127 ad

433 2166 473 2192 v.
499 2157 568 2203 185
597 2150 651 2201 sq.
679 2150 727 2188 cf.
748 2150 826 2199 sup.
849 2161 885 2197 p.
906 2161 998 2200 405.

485 2211 677 2251 Claudum
708 2222 842 2259 agmen
871 2207 1065 2259 quingenti
1095 2208 1286 2245 Mantuam·
1313 2206 1407 2245 duce
1436 2208 1527 2247 Ocno
1555 2222 1593 2246 v.
1626 2210 1752 2258 198—

434 2285 528 2315 212,
559 2284 686 2323 quem,
714 2268 865 2305 Tiberis
886 2278 922 2304 et
941 2269 1095 2307 Mantus
1116 2267 1244 2312 filium,
1278 2269 1476 2305 Mantuam
1496 2268 1695 2308 condidisse
1714 2277 1753 2307 et

435 2332 565 2371 matris
584 2343 720 2369 nomen
742 2327 824 2365 urbi
851 2326 1056 2376 imposuisse
1083 2336 1280 2377 acceperat
1308 2328 1434 2364 Maro.
1487 2328 1652 2365 Μακηιιε
1680 2327 1753 2366 ori-

437 2394 567 2445 ginem
586 2389 867 2441 antiquissimam
887 2387 987 2424 fuisse
1005 2387 1144 2424 necesse
1163 2386 1227 2429 est,
1255 2400 1340 2424 cum
1366 2388 1479 2438 poe‘ta
1494 2386 1540 2424 ad
1559 2387 1638 2425 haec
1657 2397 1754 2425 tem·

435 2466 529 2503 pora
551 2465 635 2489 eam
663 2449 802 2488 referre
835 2447 936 2484 ausus
966 2448 1021 2484 fit.
1078 2446 1229 2484 Tiberis
1261 2446 1354 2484 filius
1382 2459 1454 2485 non
1479 2447 1575 2485 male
1605 2447 1753 2487 habitus

438 2516 576 2553 Ocnus:
605 2524 690 2549 cum
710 2508 756 2546 ab
772 2508 932 2546 Etruscis
952 2507 1101 2545 condita
1122 2507 1234 2544 suerit
1254 2508 1416 2545 Mantua
1434 2517 1526 2550 tum,
1545 2520 1646 2550 cum,
1667 2508 1753 2546 bar-

435 2573 553 2616 baris,
581 2570 643 2622 qui
663 2582 706 2608 ea
724 2570 807 2608 loca
825 2568 1069 2609 incoluerant,
1097 2567 1268 2617 expulsss,
1295 2567 1378 2604 loca
1393 2566 1488 2604 ultra
1514 2567 1753 2618 Apenninum

436 2635 491 2674 illi
509 2641 689 2672 tenerent.
742 2629 869 2667 Manto
898 2638 1021 2665 autem
1041 2627 1193 2665 Tiresiae
1212 2627 1285 2665 filia
1303 2638 1421 2665 mater
1436 2628 1469 2665 ei
1497 2626 1600 2671 data,
1626 2627 1754 2667 secun-

438 2695 528 2733 dum
565 2691 724 2730 eundem
758 2690 952 2739 vulgarem
987 2689 1239 2725 Romanorum
1277 2700 1454 2730 errorem,
1499 2700 1574 2738 quo
1610 2688 1755 2727 urbium

440 2755 558 2793 Italiae
577 2750 728 2790 nomina
747 2760 783 2787 et
798 2748 962 2798 origines
978 2763 998 2786 a
1016 2748 1161 2786 Graecis
1182 2748 1400 2798 repetebant
1417 2764 1426 2786 :
1456 2761 1530 2798 qua
1548 2747 1594 2785 de
1614 2762 1653 2786 re
1672 2749 1755 2788 satis

442 2815 481 2854 in
496 2813 666 2854 Excurss‘.
688 2811 732 2850 ad
748 2811 815 2850 lib.
832 2811 866 2850 V
871 2811 912 2850 Π
932 2809 1069 2848 dietum
1085 2810 1144 2848 est.
1201 2809 1328 2848 Ocnus
1344 2819 1468 2848 autem
1481 2807 1559 2853 hic,
1577 2809 1637 2848 vel
1655 2811 1756 2847 Auc-

650 2885 669 2923 3
1313 2884 1315 2888 ⁴
1688 2873 1754 2910 nus
