1847 3313
349 289 448 347 634
545 273 1026 330 P.V1RG1L11
1083 271 1471 320 MARoN1s

348 420 405 466 In
430 416 674 462 flammam
691 408 916 473 jugulant
939 406 1161 468 pecudes,
1185 417 1231 451 et
1254 404 1429 453 viscera
1451 406 1572 453 vivis

349 508 594 570 Eripiunt,
616 501 953 562 cumulantque
972 498 1174 546 oneratis
1199 497 1410 544 lancibus
1435 513 1550 543 aras.
1572 510 1660 560 215

415 603 483 648 At
507 613 617 643 vero
643 591 829 640 Rutulis
853 591 991 653 inpar
1013 605 1065 635 ea
1089 604 1249 651 pugna
1272 587 1423 636 videri

353 687 661 754 Jamdudum,
685 694 732 729 et
754 681 884 728 vario
908 679 1092 727 misceri
1115 679 1304 741 chtora
1326 691 1492 734 motu;

355 780 484 827 Turn
503 776 672 840 magis,
685 786 738 820 ut
755 773 950 836 propius
964 781 1176 826 cernunt,
1192 785 1288 814 non
1303 769 1484 815 viribus
1501 769 1669 831 aequiS.

353 867 582 932 Adjuvat,
605 862 779 910 inceffu
804 860 949 907 tacito
972 857 1251 923 progreffus‚
1277 868 1322 903 et
1346 872 1476 902 aram

354 956 649 1021 Suppliciter
665 967 888 999 venerans
906 948 1102 996 derniffo
1121 946 1316 1001 lumine,
1335 945 1542 1003 Turnus,
1578 959 1673 993 220

357 1041 686 1105 Tabentesque
709 1055 863 1104 genae,
887 1049 931 1084 ct
947 1035 1159 1101 juvenali
1184 1034 1232 1080 in
1258 1049 1456 1097 corpore
1476 1033 1647 1096 pallor.

402 1207 479 1235 214.
495 1197 630 1240 flammas
654 1191 790 1225 Mentel.
816 1201 864 1233 pr.
893 1201 911 1220 a
936 1199 980 1220 m.
1005 1198 1053 1230 pr.
1080 1195 1111 1219 et
1138 1186 1284 1220 Parrhas.
1377 1195 1450 1226 215.
1474 1186 1674 1228 cumulantque

358 1251 467 1283 altaria
488 1250 563 1280 donis
579 1245 752 1288 repetitum
768 1253 805 1273 ex
821 1241 875 1272 lib.
895 1241 957 1277 XI,
983 1248 1027 1278 50
1042 1238 1169 1269 Vratiss.
1215 1239 1342 1268 Tamen
1360 1245 1391 1268 et
1409 1237 1546 1268 alterurn
1563 1246 1675 1267 occur-

359 1302 450 1333 rebat
478 1300 546 1341 jam
572 1298 637 1339 sup.
668 1296 763 1332 VIII,
789 1291 1030 1330 284.-—-216.
1070 1291 1239 1334 Rutulisque
1267 1289 1388 1330 aliquot
1421 1290 1503 1319 Picr.
1596 1297 1672 1327 217,

361 1353 521 1396 Miscentur
538 1348 667 1382 Zulich,
693 1357 711 1377 a
729 1357 775 1376 m.
799 1342 1013 1386 pr.--—218.
1039 1352 1071 1374 ut
1087 1351 1121 1386 p.
1140 1355 1165 1374 c.
1184 1354 1234 1373 non
1249 1341 1360 1372 viribus
1377 1342 1477 1384 etquis.
1525 1339 1651 1370 Servius
1665 1350 1676 1370 ε

361 1415 416 1435 eos
442 1400 662 1444 congressuros
688 1397 762 1435 effe,
785 1394 943 1427 subaudit.
990 1395 1208 1425 Burmannus:
1233 1401 1264 1423 ut
1289 1400 1404 1422 cernunt
1423 1390 1540 1422 scilicet
1555 1389 1678 1421 adstare

363 1457 516 1491 AEneam,
538 1459 571 1483 et
594 1451 746 1481 Turnum
772 1458 837 1479 non
861 1445 922 1477 esse:
947 1445 1045 1487 aequis
1060 1444 1190 1476 viribus.
1236 1441 1507 1483 Simpliciffimum
1523 1449 1590 1472 erat
1605 1441 1680 1483 sup-

360 1507 450 1549 plere
466 1505 568 1538 ϊνγαςι
594 1512 625 1533 ut
643 1510 677 1544 p.
696 1508 812 1532 cernunt
837 1508 901 1536 eos,
926 1496 1013 1539 quod
1035 1502 1137 1532 erant,
1161 1495 1243 1526 haud
1263 1506 1299 1524 v.
1314 1505 1345 1524 a.
1369 1491 1457 1526 ἐπειδὴ
1480 1492 1570 1535 §gio-tv
1591 1492 1679 1526 αὐτὰς
1715 1521 1720 1524 ,

361 1557 468 1599 (ὄντας)
493 1557 528 1586 ἐκ
554 1553 708 1592 ἷσαμάχες,
735 1551 888 1582 ἶσοσθενεῖς.
933 1548 1012 1583 Aut,
1035 1547 1158 1577 servata
1172 1543 1346 1575 verborum
1366 1543 1537 1585 junemra2
1562 1553 1594 1575 ut
1612 1553 1683 1588 pro-

356 1613 427 1655 pius
443 1615 559 1639 cernunt
573 1613 728 1646 pugnam,
743 1611 814 1643 quae
832 1600 939 1632 futura
955 1606 1023 1630 erat
1039 1599 1120 1630 haud
1142 1597 1254 1628 viribus
1275 1597 1379 1639 aequis.
1425 1595 1523 1626 Hunc
1550 1595 1583 1626 in
1609 1608 1682 1628 mo-

365 1662 443 1693 dum
457 1660 539 1691 bene
556 1655 727 1699 exponitur
742 1653 838 1684 locus.
887 1650 1019 1692 Alioqui
1049 1649 1163 1681 ultima
1179 1648 1289 1679 adsuta
1316 1653 1428 1689 putem
1454 1648 1545 1679 versu
1561 1648 1682 1690 imper-

363 1712 451 1744 ἱεέὶο
482 1709 616 1741 reliam
653 1707 728 1738 ‘Tum
758 1706 860 1746 magis,
886 1711 918 1733 ut
944 1704 1062 1745 propius
1093 1709 1218 1731 cernunt.
1275 1700 1319 1730 Et
1350 1697 1411 1729 hoc
1444 1698 1607 1740 amplexus
1637 1701 1681 1734 est

364 1762 554 1795 Brunckius.
599 1759 650 1801 Jo.
669 1755 861 1787 Schraderus
876 1753 1007 1794 corrigit
1022 1753 1103 1785 haud
1116 1752 1230 1783 viribus
1243 1763 1338 1795 aequos
1354 1761 1371 1781 e
1387 1761 1419 1782 v.
1439 1759 1680 1794 230.----219.

362 1816 484 1859 ingrqffit
501 1811 670 1851 Oblongus
687 1807 797 1845 Pierii,
823 1816 897 1836 cum
924 1805 1067 1842 Donato,
1092 1803 1178 1834 Gud.
1206 1810 1238 1833 et
1263 1809 1328 1832 tres
1343 1801 1396 1832 alii
1413 1801 1602 1839 Burmanni,
1626 1804 1682 1845 qui

364 1867 452 1898 refie
475 1862 618 1896 defendit
645 1861 770 1904 incffm
799 1856 948 1888 adversus
974 1855 1128 1892 Pieriam,
1154 1853 1209 1896 qui
1233 1852 1371 1883 alterum
1397 1851 1547 1883 malebat.
1594 1854 1682 1887 Nam

365 1919 477 1963 inceffias
497 1916 535 1946 de
552 1921 742 1956 quocunque
765 1909 862 1941 modo
888 1907 1054 1939 incedendi
1071 1906 1199 1944 dicitur,
1220 1915 1284 1936 non
1301 1903 1398 1935 modo
1416 1904 1454 1935 de
1471 1903 1526 1934 illo
1543 1905 1633 1947 regio
1650 1916 1683 1941 et

365 1970 406 2001 ad
437 1965 637 2008 majestatem
667 1967 868 2003 comparato:
904 1965 936 1990 et
962 1959 1080 2002 ingnffu
1108 1967 1130 1989 t.
1158 1956 1317 2000 progrqffits
1346 1955 1555 1996 injucundum
1585 1957 1683 1991 foret.

364 2020 471 2062 incensu
505 2018 568 2048 duo
596 2026 647 2057 ap.
678 2015 788 2045 Burm.
833 2013 930 2056 inccffic
953 2012 1036 2042 tardo
1066 2010 1148 2051 conj.
1174 2010 1226 2051 Jo.
1255 2007 1418 2038 Schrader.
1459 2010 1618 2053 progrssigs
1643 2013 1687 2043 ad

365 2084 448 2105 aram
471 2070 534 2102 duo
551 2070 671 2100 Moret.
697 2073 730 2097 et
756 2062 882 2095 Zulich.
912 2072 987 2093 cum
1017 2061 1115 2092 Goth.
1140 2061 1364 2091 see.——-221.
1387 2058 1577 2103 Tabentesque
1596 2061 1684 2093 reite

367 2130 554 2165 receptum:
580 2118 633 2150 sed
649 2129 666 2148 a
683 2127 747 2159 quo
761 2114 905 2157 primum
921 2113 1042 2144 faustum
1072 2112 1196 2154 ignoro,
1245 2109 1393 2140 Paullum
1417 2110 1601 2142 Manutium
1623 2112 1685 2144 effe

367 2185 459 2220 puto.
501 2174 593 2204 Vett.
621 2169 708 2207 edd.‚
730 2167 828 2198 etiam
844 2165 922 2198 Ald.
947 2172 1035 2204 tert„
1059 2163 1251 2206 Pubentejsque
1267 2160 1389 2203 legunt,
1416 2161 1503 2203 quod
1525 2170 1557 2194 et
1582 2164 1683 2196 Rom.

1652 2225 1685 2248 et

368 2343 512 2383 -174.
564 2330 611 2366 In
624 2330 805 2378 flammam
815 2323 992 2377 jugulant,

369 2396 410 2424 ut
429 2386 518 2435 saepe
556 2381 631 2431 jam
670 2378 844 2419 vidimus,
884 2375 995 2412 verbo

369 2446 490 2476 morus
509 2433 665 2472 resoluto
684 2430 721 2467 in
741 2429 893 2465 alterum
919 2439 997 2463 ver-

369 2490 474 2532 bum,
502 2499 568 2537 pro
588 2484 626 2520 in
644 2483 681 2520 fi.
711 2479 912 2531 projiciunt
937 2478 996 2528 ju-

370 2541 521 2592 gulatas.
576 2549 617 2575 21
629 2549 662 2585 5.
681 2532 910 2582 cumulantque
925 2544 996 2567 one-

373 2598 471 2634 ratis,
490 2587 673 2627 cumulate
690 2585 880 2634 imponunt
899 2580 991 2617 aris:

370 2643 496 2682 eadem
512 2640 588 2690 sup.
609 2636 720 2680 VIII,
743 2638 830 2684 284.
863 2636 998 2682 viscera

372 2697 455 2734 sunt
486 2702 585 2734 exta,
626 2700 780 2739 quorum
818 2683 998 2736 primitias

376 2744 580 2796 (ἀπαξχὰς)
615 2740 712 2778 lanei
740 2736 922 2788 impolitas
950 2733 996 2771 ad

373 2812 471 2836 aram
485 2797 605 2834 allatas
618 2793 655 2830 in
670 2786 997 2828 ssammarnimmit-

372 2850 497 2890 tebant
521 2843 752 2885 cremandas:
789 2853 864 2879 non
896 2851 998 2882 vero,

1055 2329 1096 2358 nt
1113 2317 1278 2357 lancibus
1297 2317 1398 2367 super
1417 2316 1572 2355 flammis
1596 2327 1687 2357 tam..

1057 2384 1167 2422 quam
1199 2370 1388 2419 coquenda
1411 2378 1493 2405 exta
1513 2371 1688 2420 apposue-

1060 2423 1147 2462 rint.
1213 2422 1286 2458 Ge.
1322 2420 1374 2465 II,
1418 2434 1490 2471 194
1517 2423 1689 2460 Lancibus

1061 2486 1094 2512 et
1133 2475 1256 2524 pandis
1296 2476 1479 2520 fumantia
1523 2475 1689 2512 reddimus

1063 2537 1155 2563 exta.
1169 2524 1269 2562 conf.
1283 2523 1436 2573 Dionys.
1452 2523 1578 2563 Halic.
1595 2524 1687 2571 VII,

1061 2592 1109 2629 72
1128 2585 1222 2614 extr.

1115 2627 1204 2667 216.
1220 2627 1443 2679 Comparare
1454 2627 1567 2665 solent
1580 2628 1688 2666 Iliad.

1060 2698 1095 2725 n,
1133 2692 1206 2731 ²¹5
1242 2679 1320 2730 sqq.
1377 2682 1464 2717 218.
1498 2691 1535 2717 ut
1555 2688 1689 2731 propius

1060 2741 1198 2771 cermmt
1226 2730 1304 2769 scil.
1324 2743 1501 2781 pugnam,
1518 2747 1580 2770 non
1597 2739 1689 2769 viri.

1063 2784 1122 2821 bas
1167 2787 1271 2834 aequis
1323 2783 1533 2819 ineundam.
1588 2783 1687 2822 conf.

1062 2834 1154 2875 Var.
1170 2834 1271 2873 Leist.
1328 2847 1414 2884 219.
1437 2834 1616 2886 Adiuvat,
1635 2833 1690 2871 fa-

1621 2897 1687 2926 (ΣΠ.
