1847 3313
457 273 572 339 AD
628 282 984 334 LIBRUM
1034 279 1155 332 ΧΠ.
1374 294 1472 348 7¹9

154 420 258 476 pitur
273 435 282 460 :
311 420 428 461 oritur
446 419 602 462 bellum,
634 415 734 468 quod
752 415 878 454 Turni
896 415 996 454 caede
1014 415 1112 454 intra
1130 416 1260 454 meniis
1278 415 1472 456 decursum

153 483 296 527 finitur,
323 497 361 520 v.
382 482 507 533 paullo
522 490 607 517 ante
623 478 718 515 Exc.
739 477 773 520 Ι,
798 487 839 515 ut
853 477 948 514 adeo
965 477 1126 527 Trojani
1145 477 1288 515 sedibus
1302 477 1340 515 in
1358 475 1474 515 Latid

155 543 323 594 acceptis
342 542 389 580 de
407 554 506 581 nova
526 539 615 576 urbe
642 537 817 579 Lavinio,
837 551 883 575 ex
899 537 1038 575 foedere
1065 537 1273 580 condenda,
1302 537 1477 588 cogitare

154 604 236 655 jam
256 614 334 642 tum
363 604 516 656 possent⁴
569 598 614 636 In
642 599 714 636 hoc
742 599 836 636 adeo
862 598 1031 637 AEneidis
1057 607 1318 649 argumentum
1335 595 1478 635 absolvi

157 663 334 703 vidimus.
388 659 548 711 Reliqua
563 673 630 711 per
650 658 813 710 episodia
830 658 964 696 inserta
983 659 1108 709 passim
1127 658 1223 696 sunt.

209 739 248 764 a.
269 727 319 763 C.
339 725 393 763 N.
424 735 538 773 1177.
594 722 723 759 Error.
751 720 879 758 AEneae
901 721 938 763 8,
966 720 1012 758 ab
1031 720 1196 758 adventu
1213 719 1250 757 in
1268 719 1417 758 Italiam
1437 731 1477 756 2.

214 785 313 824 Solis
343 781 521 831 Trojanis
552 781 713 831 imperat
739 782 879 820 AEneas
906 780 951 817 ad
970 780 1139 830 Dionysii
1158 789 1319 817 mentem
1346 779 1411 817 lib.
1444 778 1481 822 l,

161 846 229 897 64.
285 842 387 885 Anni
407 844 586 881 adventus
608 842 733 879 AEneae
751 841 791 879 in
808 841 954 878 Italiam
974 841 1020 877 ab
1037 841 1234 878 auctumno
1253 840 1300 878 ad
1313 841 1479 878 austum-

162 920 253 946 num
272 903 501 957 procedunt:
529 902 697 953 adeoque
717 915 832 939 annus
863 901 922 939 hic
954 915 1022 952 pro
1049 900 1173 950 primo
1198 911 1235 939 et
1263 914 1332 952 pro
1364 900 1483 938 altero

163 964 374 1017 computari
390 964 508 1016 potest
525 977 536 1007 3
565 963 623 1000 sed
644 965 715 1000 hoc
733 962 889 1000 alterum
911 962 1090 1000 ufitatius.

377 1037 413 1062 a.
434 1024 482 1061 C.
502 1022 556 1060 N.
591 1033 604 1059 1
619 1021 705 1071 176.
735 1034 770 1058 a.
800 1021 982 1059 adventus
1001 1021 1038 1058 in
1058 1019 1208 1058 Italiam
1239 1033 1275 1071 3.

217 1084 364 1124 Renum
393 1083 614 1121 Latinorum
639 1081 967 1133 Trojanorumque
998 1094 1083 1119 cum
1111 1080 1274 1118 Rutulis.
1329 1078 1490 1118 Latinus

166 1154 208 1185 et
239 1145 394 1183 Turnus
421 1143 461 1181 in
494 1142 622 1193 praelio
655 1142 809 1181 cadunt.
874 1143 1013 1179 AEneas
1044 1142 1139 1180 solus
1171 1141 1317 1192 utrique
1347 1140 1489 1192 populo

166 1205 354 1255 imperat:
384 1203 430 1241 ad
446 1212 608 1241 mentem
625 1201 791 1252 Dionysii
807 1202 872 1240 lib.
893 1201 927 1245 Ι,
955 1203 1018 1253 64.

224 1266 347 1305 Aliter
364 1264 546 1314 Virgilius
558 1264 677 1301 noster
695 1277 752 1301 res
771 1263 894 1301 AEneae
910 1263 1107 1314 disposuit,
1138 1264 1308 1314 sequutus
1327 1275 1405 1304 eos,
1425 1257 1492 1310 qui

170 1326 330 1365 AEneam
346 1324 459 1363 tertio
477 1323 595 1361 statim
610 1336 706 1361 anno
729 1323 836 1360 rebus
860 1323 1028 1361 humanis
1047 1335 1217 1375 ereptum
1237 1331 1491 1362 narraverant.

171 1387 277 1426 Nam
295 1385 362 1424 lib.
395 1386 432 1428 I,
463 1382 670 1434 263—266
692 1382 841 1432 Jupiter
857 1383 998 1421 Veneri
1029 1384 1154 1421 AEneae
1173 1384 1249 1421 fata
1274 1396 1461 1434 exponens
1477 1396 1491 1422 z

174 1446 324 1490 Bellum,
351 1445 419 1488 ait,
447 1449 560 1496 ingens
579 1454 676 1494 geret
704 1443 816 1480 Italia
839 1444 1031 1495 populosque
1040 1449 1175 1495 feroces
1194 1446 1399 1486 Contundet‚
1421 1458 1496 1481 mo·

175 1511 289 1560 resque
307 1510 403 1545 ‘viris
418 1517 453 1544 et
471 1508 598 1544 moenia
613 1514 738 1554 ponet3
785 1502 910 1542 Tertia
928 1506 1004 1543 dum
1024 1505 1126 1543 Latio
1144 1516 1338 1556 regnantem
1357 1507 1498 1541 vrderit

177 1573 295 1621 aestas,
323 1565 501 1618 ‘seruaque
519 1567 717 1616 trarfierint
737 1564 876 1602 Rutulis
894 1564 1216 1615 he'bernastzbaffls‚
1240 1566 1338 1616 quod
1357 1564 1499 1602 sc{}icet

179 1629 305 1682 primo
334 1627 455 1666 statim
483 1638 579 1664 anno
607 1635 688 1662 erat
714 1624 866 1663 facium.
923 1626 971 1662 Et
991 1639 1036 1663 eo
1054 1625 1317 1675 spectantdirae
1334 1624 1499 1663 Didonis

179 1689 248 1729 lib.
268 1689 344 1732 IV,
364 1685 574 1726 618-620
601 1699 659 1723 nec
677 1684 901 1736 quumst’fieb
919 1685 1002 1736 legis
1011 1690 1110 1736 pacis
1129 1690 1257 1737 iniquae
1277 1686 1501 1727 Trudiderit,

182 1764 286 1800 regno
298 1759 362 1788 aut
387 1757 509 1798 optata
527 1745 600 1783 luce
619 1749 791 1795 fruatur.
847 1746 917 1783 Sed
931 1748 1036 1783 cadat
1051 1756 1132 1784 ante
1145 1749 1233 1784 diem
1250 1748 1424 1796 mediaque
1447 1748 1504 1782 in·-

183 1810 342 1848 humatus
358 1821 482 1846 arena.
536 1805 630 1843 Haec
649 1804 697 1842 de
713 1803 875 1842 triennio
893 1805 1020 1842 AEneae
1037 1804 1075 1842 in
1089 1804 1197 1843 Italia
1217 1807 1346 1844 exae‘to
1374 1817 1504 1842 narra-

185 1869 243 1909 tio
280 1867 432 1906 videtur
466 1864 563 1903 hine
587 1864 835 1915 vngatiffima
865 1863 963 1901 inter
996 1874 1147 1902 caeteras
1185 1866 1294 1902 facia.
1351 1865 1504 1903 Orofius

137 1938 143 1943 '
186 1941 339 1981 quoque
367 1926 403 1972 Ι,
440 1929 503 1969 18,
531 1926 672 1968 AEneae,
706 1926 828 1976 qualia
853 1934 920 1976 per
944 1929 1128 1963 triennium
1156 1924 1244 1963 bella
1274 1930 1507 1969 excitaverit,

189 2000 332 2040 quantos
351 1986 488 2038 populos
514 1984 731 2035 implicuerit,
758 1987 831 2022 odio
847 1985 1040 2035 excidioque
1057 1987 1238 2035 aſjlfxerin
1265 1984 1336 2022 ludi
1353 1985 1509 2024 liter-arii

190 2048 373 2100 dist-iplz'na
390 2049 512 2097 nostrae
530 2059 653 2096 quoque
669 2047 833 2082 mcmoriae
852 2046 992 2092 imstum
1008 2047 1067 2094 ςβ,
1097 2044 1163 2087 ait,
1180 2043 1332 2095 Virgilii
1348 2044 1382 2080 in
1404 2045 1509 2083 sche-

189 2111 236 2149 lis
254 2107 524 2161 praelefflonem
553 2113 591 2142 et
608 2102 954 2154 interpretationem
968 2103 1166 2154 respiciens
1186 2102 1249 2141 illo
1266 2102 1386 2142 adhuc
1410 2118 1508 2148 aevo,

191 2169 296 2224 quod
313 2169 401 2207 hinc
419 2166 602 2208 discimus,
631 2165 709 2203 fieri
723 2164 880 2202 solitam.

250 2229 364 2282 Apud
396 2227 626 2278 antiquiores
661 2235 787 2264 tamen
824 2223 1019 2275 scriptores
1052 2231 1089 2261 et
1125 2223 1429 2276 chronographos
1461 2223 1509 2263 de

195 2304 312 2335 anno,
347 2301 421 2340 quo
450 2288 587 2327 AEneas
620 2285 783 2327 decem,
814 2283 955 2322 diverse
986 2282 1188 2321 admodum
1222 2284 1397 2322 traditum
1427 2283 1512 2321 fuit.

199 2351 303 2390 Nam
329 2348 458 2399 etipse
485 2345 685 2396 Dionysius
705 2354 779 2383 tres
805 2357 890 2382 eum
920 2356 1033 2381 annos
1061 2356 1148 2381 cum
1176 2343 1313 2382 Latino
1332 2345 1515 2395 regnasse,

199 2420 335 2464 quarto
354 2409 401 2447 ab
422 2407 500 2457 ejus
531 2416 652 2445 morte
679 2419 776 2444 anno
792 2405 831 2443 in
849 2417 978 2456 pugna
1003 2416 1088 2442 cum
1108 2404 1305 2442 Mezentio
1336 2418 1410 2442 non
1435 2418 1515 2442 am-

199 2474 299 2527 plius
318 2469 520 2522 apparuisse
540 2477 666 2506 narrat
683 2467 748 2504 lib.
767 2465 801 2509 1,
820 2465 884 2516 64.
940 2465 1054 2516 Apud
1077 2465 1288 2514 Syncellum
1307 2479 1454 2517 quoque
1476 2478 1514 2514 p.

206 2545 275 2584 171
310 2532 359 2569 C.
381 2529 418 2566 D
451 2527 566 2581 (unde
586 2527 719 2565 Euseb.
738 2527 895 2565 Hieron.
915 2524 1017 2564 idem
1037 2525 1167 2572 haber-t)
1203 2535 1276 2563 tres
1302 2527 1380 2576 post
1408 2525 1518 2563 Lati-

203 2607 295 2633 num
315 2603 444 2634 annOS,
463 2587 661 2627 secundum
677 2587 768 2625 alios
781 2589 878 2630 οὲὶο,
906 2586 1086 2637 regnasse,
1106 2595 1200 2629 tum,
1221 2595 1259 2623 ut
1277 2586 1339 2623 alii
1355 2586 1521 2630 tradant,

205 2661 357 2706 quarto,
380 2659 420 2687 ut
440 2648 517 2691 alii,
544 2647 769 2685 duodecimo
797 2659 818 2684 a
836 2646 955 2694 Troja
980 2654 1089 2694 capta
1109 2658 1203 2682 anno
1222 2644 1347 2682 obiiss‘e
1368 2645 1519 2683 eicitur.

208 2712 298 2754 Alio
311 2712 396 2750 loco
414 2722 451 2759 p.
477 2720 548 2760 194
568 2707 820 2759 fragmentum
839 2720 885 2745 ex
899 2705 1060 2745 Diodori
1074 2705 1140 2743 lib.
1160 2706 1237 2743 Vll
1257 2706 1432 2747 servavit,
1447 2717 1523 2755 quo

207 2779 457 2814 memoratum
489 2778 583 2811 erat,
613 2768 725 2806 tertio
744 2780 764 2804 a
781 2777 892 2818 capta
918 2766 1038 2817 Troja
1064 2779 1161 2809 anno
1184 2767 1344 2807 AEncam
1363 2779 1525 2817 regnum.

209 2832 434 2876 Latinorum
451 2828 643 2871 obtinuisse
662 2841 731 2882 per
748 2828 962 2869 triennium.

1359 2885 1525 2930 ae.N‚
