1847 3313
364 284 457 352 706
558 285 1035 339 P.V1RG1L11
1083 290 1488 346 MARONIS

366 419 537 468 Genua
560 421 738 479 labant,
763 422 948 486 gelidus
971 427 1219 474 concrevit
1241 428 1420 493 frigore
1443 428 1647 496 sanguis.

363 509 495 556 Tum
514 511 632 573 lapis
651 511 748 574 ipse
766 513 871 569 viri,
894 528 1099 560 vacuum
1120 531 1204 577 per
1224 516 1360 564 inane
1374 519 1576 578 volutus,
1593 515 1688 585 906

363 601 471 649 Nec
496 601 699 665 spatium
726 605 871 652 evafit
894 618 1066 663 totum,
1091 623 1177 654 nec
1202 611 1399 671 pertulit
1425 612 1591 660 ictum.

363 693 440 739 Ac
466 690 595 738 velut
619 692 669 739 in
697 691 891 752 somniS,
911 695 1073 742 oculos
1097 697 1181 742 ubi
1207 698 1432 762 languida
1455 702 1614 766 preffit

365 781 522 829 Noste
542 782 690 844 quieS,
717 783 1042 845 nequidquam
1069 787 1232 835 avidos
1259 791 1512 839 extendere
1531 792 1691 840 cursus

368 873 506 920 Velle
529 873 769 931 videmur,
793 885 840 920 et
863 874 913 920 in
936 876 1108 924 mediis
1133 881 1383 928 conatibus
1408 884 1527 947 aegri
1596 899 1694 949 910

367 962 701 1017 Succidimus;
734 978 832 1009 non
854 963 1019 1027 lingua
1043 966 1182 1023 valet,
1218 982 1316 1013 non
1339 984 1539 1032 corpore
1562 983 1696 1020 notae

368 1051 618 1100 Sufficiunt
641 1051 775 1109 vireS,
807 1068 892 1099 nec
917 1069 1009 1100 vox
1035 1067 1116 1101 aut
1140 1056 1283 1103 verba
1306 1055 1597 1120 sequuntur:

370 1143 450 1190 Sic
474 1140 656 1197 Turno,
681 1155 984 1204 quacumque
1008 1142 1135 1188 viam
1161 1143 1336 1190 virtute
1358 1147 1547 1207 petivit,

373 1230 646 1279 Succeffum
669 1229 755 1276 dea
777 1229 880 1276 dira
899 1242 1059 1294 negat.
1131 1231 1263 1279 Tum
1286 1235 1478 1296 pestore
1501 1237 1652 1287 sensus

373 1320 638 1372 Vertuntur
656 1319 791 1368 varii.
841 1320 1043 1371 Rutulos
1061 1321 1316 1387 adspectat,
1341 1337 1387 1372 et
1401 1328 1586 1387 urbem,
1603 1347 1656 1394 91
1669 1344 1695 1394 5

421 1478 501 1511 905.
526 1473 666 1505 concurrit
690 1472 770 1505 alter
788 1473 903 1506 Hamb.
930 1486 948 1506 a
964 1485 1008 1506 m.
1038 1474 1095 1507 sec.
1190 1477 1264 1520 906.
1288 1480 1351 1511 viri
1364 1492 1478 1513 vacuus
1493 1481 1550 1514 ms.
1577 1481 1703 1514 Barthii
1752 1520 1757 1523 ,

376 1521 419 1554 ad
435 1525 515 1555 Stat.
535 1524 640 1556 Theb.
667 1527 725 1564 Vl,
745 1527 822 1568 938,
848 1527 903 1569 qui
932 1528 997 1570 ipse
1025 1537 1171 1562 contorta
1194 1531 1339 1563 oratione
1364 1540 1396 1563 et
1421 1533 1576 1566 sententia
1591 1535 1703 1567 distin-

379 1573 468 1616 guit:
493 1574 557 1618 ipse,
582 1578 645 1607 viri
669 1590 808 1610 vacuum.
851 1579 964 1609 Burm.
980 1582 1043 1612 viae
1059 1593 1182 1612 vacuum
1198 1590 1312 1613 tentat.
1358 1584 1534 1616 Enimvero
1549 1586 1622 1629 lapis
1641 1587 1706 1618 viri

379 1625 454 1665 (pro
477 1625 558 1668 ejus)
582 1626 626 1657 est
641 1626 722 1669 lapis
748 1629 787 1659 ab
803 1639 841 1659 eo
858 1629 1041 1671 projezstus:
1069 1631 1195 1663 dmum
1218 1633 1259 1664 ad
1275 1632 1444 1675 vulgarem
1458 1635 1616 1667 formam:
1638 1637 1704 1678 jac-

379 1682 433 1706 tus
448 1675 522 1707 viri.
569 1678 702 1709 Poterat
725 1682 792 1710 viro
814 1680 931 1718 dicere,
958 1687 996 1712 ut
1013 1681 1087 1712 effet
1104 1684 1169 1713 viro
1184 1683 1314 1721 volutus,
1343 1684 1375 1715 h.
1400 1695 1419 1716 a
1440 1685 1533 1725 viro3
1555 1687 1609 1718 sed
1625 1687 1705 1718 alte-

379 1736 456 1758 rum
471 1726 586 1759 maluit
598 1740 608 1759 ¹.
635 1740 690 1760 cur
707 1740 770 1760 non
788 1729 954 1762 feramus?
979 1734 1060 1763 inane
1074 1733 1112 1763 de
1129 1735 1200 1765 ae're
1217 1745 1301 1765 nunc
1317 1746 1382 1766 non
1396 1737 1539 1778 primum
1555 1739 1707 1777 occurrit,

382 1787 441 1808 nec
472 1778 540 1819 ejus
569 1779 738 1821 epitheton
769 1794 917 1821 vacuum;
958 1791 1131 1826 utrumque
1163 1787 1318 1818 Lucretio
1345 1787 1533 1820 subledIum.
1624 1799 1703 1831 907.

380 1830 486 1871 evffr,
513 1839 599 1861 totum
614 1843 662 1862 nec
679 1831 912 1874 interpungunt
930 1834 996 1872 alii,
1018 1836 1119 1867 etiam
1149 1838 1236 1880 apud
1264 1839 1423 1870 Servium.
1470 1854 1558 1885 neque
1583 1842 1704 1875 Medic.

382 1879 524 1922 Blenag.
547 1883 688 1913 Parthas.
777 1884 853 1925 908.
877 1886 972 1917 veluti
1002 1887 1140 1919 Dorvill.
1168 1897 1199 1920 et
1227 1891 1374 1922 nonnulli
1401 1892 1492 1923 editi.
1533 1893 1621 1924 oculos
1645 1906 1707 1925 cum

383 1930 468 1962 alter
485 1932 620 1974 B'Ienag.
668 1934 742 1965 Post
768 1935 853 1966 hunc
879 1937 1007 1968 versum
1035 1939 1066 1969 in
1095 1940 1185 1971 Leid.
1215 1949 1247 1972 et
1272 1944 1355 1984 Reg.
1374 1943 1561 1984 sequebatur
1576 1945 1707 1976 initium

383 1983 516 2015 versus:
540 1985 585 2014 Et
598 1985 664 2025 jam
680 1985 812 2029 jamque,
838 1998 938 2018 vacuo
955 1989 1056 2030 spatio
1074 1991 1202 2025 relifto.
1250 1994 1423 2036 (Fraudem
1440 1994 1572 2026 librario
1588 1996 1707 2028 fecerat

384 2033 495 2065 versus
510 2034 543 2064 in
561 2035 648 2066 idem
664 2037 799 2067 verbum
816 2037 958 2069 defluens
975 2050 1050 2081 939.
1076 2051 1140 2082 940
1165 2045 1299 2088 reprfft‚
1322 2047 1365 2076 Et
1379 2045 1444 2086 jam
1463 2045 1707 2090 jamque).--—-

386 2094 464 2127 911.
488 2085 567 2116 volet
594 2087 713 2118 Medic.
742 2088 775 2128 (a
804 2099 847 2121 m.
877 2090 941 2133 pr.)
987 2101 1100 2135 cof-pcra
1131 2095 1218 2126 Gud.
1263 2106 1346 2127 mota>
1361 2097 1442 2128 alter
1458 2101 1589 2140 Menag.
1634 2104 1709 2131 ηιὲῖε

386 2136 482 2168 Leid.
499 2144 532 2166 ct
549 2139 622 2168 Exc.
644 2139 756 2170 Burm.
787 2151 861 2171 cum
887 2140 990 2173 Goth.
1016 2145 1074 2174 sec.
1164 2155 1240 2186 912.
1265 2156 1318 2178 aut
1341 2149 1435 2180 verba
1461 2149 1535 2180 inde
1561 2150 1601 2180 ab
1627 2151 1708 2183 Ald.

388 2194 465 2219 tert.
496 2186 635 2229 legitur:
666 2189 697 2220 in
723 2189 792 2220 aliis
816 2203 864 2222 nec
888 2205 925 2222 v.

1017 2204 1093 2234 913.
1119 2209 1323 2240 quamcumque
1349 2202 1431 2230 viam
1461 2200 1548 2232 Leid.
1570 2209 1603 2232 et
1621 2204 1709 2242 Par„

388 2239 477 2282 quod
495 2239 673 2280 expeditius
699 2239 789 2271 effct:
814 2241 953 2273 alterum
970 2245 1162 2285 exquisltius.
1207 2249 1257 2279 Sic
1273 2250 1370 2280 Nulla
1385 2253 1467 2281 viam
1482 2252 1612 2296 fortuna
1637 2257 1712 2296 regie

389 2293 461 2333 sup.
490 2299 567 2329 405.
658 2300 734 2332 914.
759 2293 813 2324 dea
844 2296 919 2326 Ama
949 2297 1080 2329 Zu'zich.
1128 2310 1189 2329 cum
1211 2308 1244 2342 p.
1277 2301 1339 2334 sec.
1371 2303 1530 2335 Rottend.
1553 2312 1586 2336 et
1615 2305 1713 2340 Leid.

383 2346 500 2387 pec‘icra
518 2342 624 2384 Bigot.
716 2354 790 2384 915.
816 2345 951 2390 cotyjoexit
968 2358 993 2378 et
1009 2349 1075 2380 urb.
1096 2349 1225 2382 Zulich.

389 2475 459 2508 tat.
510 2467 641 2520 Itaque
660 2469 808 2508 Turnus
825 2472 899 2522 ipse
910 2490 966 2512 nec
980 2478 1021 2524 se
1086 2478 1187 2522 darn,
1205 2493 1250 2517 ex
1268 2480 1377 2521 Iliad.
1397 2500 1443 2532 χ,
1465 2496 1536 2535 199
1556 2483 1606 2535 sq.
1652 2484 1712 2523 Ex

390 2526 559 2572 cogmfi-it,
589 2521 679 2558 vires
694 2521 815 2559 solitas
830 2525 894 2561 fibi
908 2526 1020 2564 deesse
1088 2529 1255 2581 Virgilio
1283 2536 1480 2584 expressum
1511 2545 1638 2586 putant
1656 2538 1715 2575 lo-

391 2574 516 2610 videt:
546 2572 581 2609 se
598 2572 698 2610 videt
725 2574 791 2611 esse
818 2577 923 2626 plane
955 2579 1021 2615 ali-
1092 2595 1175 2619 cum
1196 2584 1358 2634 Oppiani
1385 2586 1552 2625 Halieut.
1582 2587 1636 2632 II,
1665 2593 1707 2627 81

393 2637 470 2662 um.
525 2623 643 2661 Aliud
675 2625 725 2662 est
751 2627 877 2664 nostris
896 2642 1020 2667 recen·
1091 2635 1207 2683 -8ς.
1276 2636 1337 2673 Est
1378 2639 1487 2675 etiam
1523 2639 1716 2689 Apollonii

392 2675 553 2714 tioribus
583 2676 743 2727 linguis:
761 2681 802 2728 se
819 2696 883 2719 non
899 2686 1026 2733 cognqs-
1089 2684 1213 2723 fimil'm
1230 2687 1329 2725 locus
1346 2688 1411 2727 lib.
1430 2689 1484 2734 II,
1499 2693 1592 2749 ‚²7,8·
1620 2704 1714 2743 913.

394 2741 482 2767 cere.
1090 2750 1345 2789 quamcunque
1380 2743 1478 2778 viam
1497 2742 1599 2787 milt,
1634 2745 1715 2781 vul-

449 2781 524 2829 908
555 2778 634 2829 sqq.
679 2780 840 2832 Egregie
879 2784 1025 2820 ornavit
1089 2788 1170 2835 gari
1196 2791 1307 2827 modo
1338 2791 1449 2830 dices.
1504 2806 1593 2844 914.
1622 2807 1716 2846 915,

393 2829 704 2885 comparationem
731 2846 797 2888 per
831 2834 866 2873 se
889 2835 1026 2886 jucun-
1088 2838 1243 2880 Diezum
1268 2843 1476 2895 exquifitius
1493 2858 1560 2898 pro
1586 2845 1717 2883 sollen-

1589 2897 1693 2936 aiore
1704 2910 1719 2938 a
