1847 3313
307 318 403 368 704
501 293 985 346 P.V1RG1L11
1037 279 1428 339 MARONIS

307 434 468 484 Multa
488 446 701 496 gemens,
723 443 769 476 et
791 428 835 476 se
859 427 1006 474 fluvio
1027 425 1114 473 dea
1136 423 1353 472 condidit
1374 423 1487 472 alto,

370 530 542 577 AEncas
566 527 704 573 instat
723 535 903 580 contra,
925 522 1171 584 telumque
1192 517 1407 566 coruscat

305 623 480 685 Ingens
504 617 772 670 arboreum,
795 624 841 658 et
865 611 988 658 saevo
1010 611 1072 658 fic
1096 609 1284 673 pectore
1304 606 1457 654 fatur:

306 711 433 776 Qae
457 724 582 756 nunc
602 703 774 753 deinde
797 719 930 750 mora
947 700 1039 748 est?
1073 710 1153 747 aut
1171 697 1289 762 quid
1304 696 1427 761 jam,
1442 695 1624 755 Turne,

499 793 749 846 retradlas?
1531 788 1622 850 889

306 890 420 937 Non
444 886 596 941 cursu,
617 882 752 930 saevis
775 879 1055 928 certandum
1079 880 1144 927 est
1166 877 1437 926 comminus
1460 875 1622 922 armis.

309 980 454 1027 Verte
477 975 634 1024 omnis
658 985 751 1020 tete
774 973 824 1018 in
848 969 988 1017 facies
1009 993 1021 1024 3
1054 982 1100 1017 ct
1123 968 1364 1024 contrahe,
1387 962 1626 1029 quidquid

308 1073 418 1120 Sive
441 1068 628 1124 animiS,
651 1066 747 1112 five
764 1075 863 1110 arte
887 1063 1011 1109 vales
1031 1086 1043 1116 ;
1079 1074 1192 1125 opta
1209 1061 1354 1107 ardua
1376 1057 1546 1122 pennis

308 1166 449 1214 Astra
469 1162 612 1225 sequi,
631 1159 937 1220 clausumque
961 1172 1076 1202 cava
1100 1167 1146 1201 te
1168 1154 1372 1202 condere
1396 1166 1535 1200 terra.

308 1255 397 1303 Ille
420 1262 565 1315 caput
588 1247 817 1312 quassans,
845 1245 958 1291 Non
983 1260 1060 1290 me
1084 1256 1164 1290 tua
1189 1241 1368 1289 fervida
1388 1251 1568 1287 terrent

310 1345 466 1401 Dida,
491 1342 640 1396 ferox,
661 1337 719 1385 dI
740 1353 817 1384 me
836 1346 1025 1391 terrent,
1049 1345 1095 1379 et
1113 1332 1338 1395 Juppiter
1355 1330 1512 1377 hostis.
1536 1331 1591 1394 89
1599 1343 1622 1394 5

356 1491 434 1523 886.
458 1499 485 1522 et
499 1490 599 1533 fluvio
613 1487 644 1531 sc
660 1486 750 1518 condit
766 1486 792 1516 in
803 1485 861 1515 alto
882 1482 976 1514 Leid.
995 1489 1026 1512 et
1044 1481 1126 1522 Reg.
1219 1478 1292 1511 888.
1317 1479 1459 1520 Ingentem
1476 1487 1493 1507 a
1513 1486 1556 1508 m.
1573 1485 1626 1518 pr.

312 1542 433 1574 Medic.
479 1541 646 1575 arboreum3
672 1540 722 1579 Jo.
741 1534 909 1566 Schrader.
927 1531 1070 1564 tentabat
1087 1531 1237 1561 roboreum.
1285 1530 1380 1560 Adeo
1405 1531 1514 1570 poetae
1545 1525 1628 1558 nihil

310 1604 431 1625 novare
458 1588 707 1629 licet.——889.
730 1589 794 1632 Qi
820 1585 914 1616 Lcid.
961 1584 1075 1614 relaxas
1093 1581 1216 1623 Bigot„
1241 1579 1334 1610 male.
1380 1582 1537 1610 retraHare
1563 1577 1627 1608 ele-

310 1652 438 1686 ganter,
467 1641 622 1677 recusare,
654 1637 869 1680 tergiversari,
898 1634 1086 1666 detreehre.
1179 1631 1253 1673 892.
1286 1633 1372 1662 armis
1402 1633 1482 1662 Ven.
1528 1631 1629 1661 animis

310 1706 365 1728 aut
389 1704 452 1726 arte
478 1694 537 1724 Ed.
560 1703 608 1734 pr.
635 1692 743 1722 Burm.
790 1698 861 1731 apta
885 1687 980 1718 ardua
1007 1685 1092 1716 Gud.
1121 1695 1139 1714 a
1155 1694 1199 1715 m.
1226 1683 1285 1714 sec.
1328 1683 1423 1724 pinnis
1454 1680 1501 1711 ed.
1534 1680 1626 1722 Junt.

307 1747 416 1790 pugnis
444 1744 524 1775 alter
551 1741 672 1773 Hamb.
765 1739 838 1780 893.
872 1739 1034 1780 clausumve
1065 1737 1195 1776 Menag.
1224 1745 1286 1776 pr„
1316 1732 1413 1764 reere.
1461 1741 1488 1762 te
1520 1731 1631 1762 credere

314 1799 452 1831 Oudart.
543 1795 721 1837 895.fer0x
737 1794 816 1838 hostis
845 1791 952 1833 jungit
970 1782 1108 1826 Servius,
1134 1788 1186 1818 seu
1209 1787 1350 1828 quisquis
1372 1785 1521 1817 laciniam
1547 1784 1630 1816 hane

312 1850 461 1889 attexuit,
473 1848 615 1888 adeoque
634 1846 744 1888 jungit
759 1854 767 1874 t
783 1845 874 1887 ferox
890 1845 934 1874 Di
949 1853 989 1873 me
1003 1851 1040 1879 t.,
1053 1850 1232 1882 perperam.
1269 1839 1372 1880 ferox,
1390 1848 1409 1868 o
1426 1837 1542 1867 AEnea.

312 1995 388 2023 tem
410 1980 512 2018 suum
543 1990 584 2015 ac
612 1977 729 2014 lacum
758 1970 935 2012 immifit:
1005 1982 1076 2021 297
1114 1970 1191 2020 sqq.
1258 1968 1480 2015 Comparant
1509 1975 1628 2005 tamen

315 2047 423 2088 quem
469 2034 624 2079 fluvium
682 2039 778 2064 nunc
824 2024 939 2067 dixit,

315 2082 613 2139 quandoquidem
646 2088 681 2116 et
699 2077 828 2115 fluvius
856 2076 941 2112 inde

313 2137 452 2190 prodit.
488 2148 522 2171 ν.
560 2132 654 2169 Exc.
694 2129 751 2166 ΙΙΙ
791 2128 836 2164 ad
874 2127 940 2164 lib.

316 2189 408 2228 VH.
461 2184 587 2223 Simile
603 2182 809 2232 exemplum
827 2178 941 2215 Tibe-

316 2243 367 2281 ris
394 2241 429 2278 se
457 2239 495 2276 in
525 2234 676 2272 fluvium
711 2230 942 2270 immittentis

316 2309 352 2332 v.
381 2289 495 2334 VIII,
524 2289 588 2329 66,
624 2286 696 2322 alia
729 2297 786 2334 ap.
823 2283 940 2320 Hom.

316 2345 424 2383 Iliad.
442 2361 473 2385 ο,
495 2342 581 2377 218.
612 2351 699 2388 ²¹9·
754 2334 880 2384 Odyff.
903 2344 941 2377 λ,

317 2411 408 2450 ²5²·
437 2395 469 2437 ὃ,
498 2405 587 2442 425·
821 2437 830 2445 .

371 2451 442 2496 887
460 2445 536 2494 sqq.
557 2441 679 2490 Major
697 2439 744 2476 est
764 2448 874 2476 totius
889 2438 940 2474 se-

316 2499 460 2553 quentis
494 2494 567 2532 loci
599 2490 768 2534 suavitas,
799 2490 823 2526 fi
860 2490 940 2539 quis

320 2548 493 2592 Hec‘loris
509 2558 593 2583 cum
613 2541 761 2587 Achille
779 2554 939 2591 pugnam

319 2613 435 2644 mente
453 2607 581 2637 teneat.
611 2610 646 2634 v.
666 2593 773 2630 Iliad.
795 2610 841 2642 χ,
859 2593 885 2629 l.
904 2605 939 2629 e.

318 2660 375 2696 Ita
406 2653 468 2691 vss'.
494 2649 567 2687 268
588 2648 666 2696 sqq.
693 2645 867 2695 expressos
885 2643 940 2679 vi-

318 2708 431 2752 debis,
449 2704 508 2741 sed
527 2698 703 2739 ornatius,
721 2697 782 2734 hic
810 2709 845 2732 v.
867 2697 943 2746 890

319 2763 461 2807 ...893.
524 2752 626 2788 Turn
660 2763 697 2787 v.
739 2750 825 2799 894.
868 2751 940 2796 895

322 2807 491 2851 Hef'toris
518 2803 626 2841 verba
655 2800 830 2843 referunt,
860 2811 944 2835 cum

321 2866 358 2904 se
384 2877 405 2904 a
434 2858 506 2899 diis
534 2852 698 2895 delusum
715 2849 892 2902 intelligit
908 2863 943 2893 v.

1004 2022 1128 2059 Ursm.
1164 2031 1200 2058 et
1235 2020 1299 2057 alii
1332 2019 1442 2058 Iliad.
1480 2037 1508 2062 ν,
1538 2020 1627 2057 811.

1007 2078 1093 2112 812.
1133 2090 1167 2122 ς,
1215 2086 1299 2123 175·
1349 2074 1437 2122 17'6.
1504 2069 1628 2109 Grave

1005 2135 1125 2162 autem
1143 2124 1269 2175 pathos
1297 2123 1370 2160 illis
1397 2122 1498 2160 inest.
1552 2123 1630 2160 Non

1007 2193 1057 2214 me
1082 2188 1143 2214 tua
1159 2180 1199 2227 f.
1241 2175 1396 2226 fervida
1427 2175 1518 2211 dida
1548 2172 1628 2210 sunt

1006 2228 1172 2279 superba,
1199 2226 1419 2277 arrogantia.
1488 2225 1632 2274 Jupiter

1005 2281 1098 2330 hostis
1116 2280 1163 2316 est
1190 2278 1352 2323 infestus,
1378 2287 1418 2315 ut
1447 2276 1536 2313 alias
1566 2291 1629 2314 nu-

1005 2348 1077 2368 men
1095 2347 1272 2368 Inimicum·

1059 2383 1146 2432 896.
1176 2381 1306 2419 Emissa
1323 2380 1433 2424 hasta,
1460 2393 1542 2417 cum
1574 2378 1629 2417 al-

1005 2443 1080 2471 tera
1099 2434 1259 2476 deficiat,
1285 2433 1374 2483 saepe
1395 2427 1497 2479 (iac,
1517 2431 1628 2469 Iliad.

1006 2487 1042 2532 ξ,
1069 2498 1145 2534 409
1173 2486 1249 2535 sqq.
1301 2503 1337 2529 η,
1365 2485 1458 2532 264)
1491 2482 1538 2520 fic
1568 2483 1629 2519 he-

1006 2541 1089 2574 roes
1117 2535 1310 2573 Homerici
1345 2535 1426 2572 saxa
1460 2535 1626 2585 jaciunt:

1005 2589 1072 2639 ipsi
1099 2588 1189 2625 adeo
1207 2587 1279 2631 dii,
1308 2597 1347 2624 ut
1365 2586 1472 2623 Iliad.
1493 2595 1533 2634 φ,
1550 2598 1626 2636 403

1007 2640 1075 2690 sq„
1103 2639 1198 2676 unde
1216 2639 1253 2676 h.
1273 2641 1299 2676 l.
1329 2638 1434 2675 verba
1451 2637 1526 2674 fere
1540 2637 1628 2675 duc-

993 2701 1044 2745 ⁴ta
1074 2691 1177 2735 sunt3
1206 2690 1269 2728 Cf.
1303 2685 1332 2734 ἑ,
1361 2702 1449 2738 303.
1479 2702 1567 2739 304,
1592 2696 1629 2726 et

1004 2762 1048 2790 μ,
1077 2755 1149 2793 445
1179 2741 1257 2792 sqq.
1312 2741 1375 2777 Ad
1407 2741 1516 2778 talem
1548 2753 1628 2778 mo-

1004 2807 1081 2832 rem
1125 2795 1201 2831 haec
1259 2804 1404 2843 quoque
1447 2792 1626 2841 exigenda

1003 2845 1100 2891 sunt.
1151 2846 1299 2885 Turnus
1326 2852 1446 2884 autem
1472 2843 1534 2883 etsi
1556 2855 1628 2934 sen-

1571 2906 1627 2932 em
