1847 3313
377 266 496 313 AD
552 262 933 311 LIBRUM
989 260 1101 308 vn.
1305 277 1399 328 139

81 404 185 446 dam,
217 399 442 454 permisceri,
462 399 653 449 multoque
672 397 777 449 pejus
797 409 865 446 pro
884 394 1012 433 iisdem
1037 394 1192 439 haberi3
1232 406 1272 432 ut
1302 394 1394 433 mihi

82 464 176 502 adeo
191 464 273 501 satis
291 463 432 513 liquere
451 459 637 501 videatur,
666 458 794 509 primae
809 456 894 493 huic
916 455 1155 506 Pelasgorum
1175 456 1339 498 coloniae,
1369 457 1393 493 fi

86 524 197 563 modo
213 537 257 561 ea
273 535 430 573 unquam
452 520 537 562 fuit,
556 519 648 556 nihil
667 519 776 569 plane
802 530 886 554 cum
912 515 1182 568 Aboriginibus
1206 518 1273 554 effe
1292 531 1394 554 com-

83 598 211 627 mune,
238 597 306 623 nec
336 582 537 632 quicquam
566 578 725 629 amplius
746 577 865 615 teneri
883 577 994 627 poss'e,
1031 590 1143 627 quam
1167 577 1260 613 hoc:
1299 578 1397 615 anti-

83 644 258 696 quiffimis
280 643 359 692 jam
375 641 601 691 temporibus
621 639 666 676 de
687 638 923 689 Pelasgorum
938 637 1000 674 sub
1015 637 1173 674 OEnotro
1192 637 1335 675 sedibus
1355 638 1395 676 in

33 708 36 712 ’
83 704 260 743 inferiore
279 702 388 740 ltalia
403 699 591 750 occupatis
609 699 747 735 famam
768 698 869 734 fuiss'e
884 696 980 733 inter
999 696 1166 733 Graecos.

137 765 268 802 Altera
298 761 535 812 Pelasgorum
568 758 727 799 colonia,
765 756 828 794 sub
858 755 1108 794 Deucalionea
1134 766 1302 807 tempora
1331 757 1396 796 de.

82 824 206 867 ducta,
238 837 282 860 ea
302 823 364 864 est,
403 835 424 858 a
444 833 516 871 qua
548 818 796 869 Aboriginum
826 831 911 854 cum
942 815 1105 867 Pelasgis
1132 815 1171 853 in
1192 831 1303 855 unum
1327 831 1393 868 po-

82 887 211 937 pulum
240 882 522 922 coalescentium
550 880 658 930 origo
687 878 888 929 repetenda
916 876 1077 914 videtur.
1133 876 1191 914 Ex
1211 878 1396 918 Thessalia

82 946 138 984 illi
170 944 276 994 ejecti
309 943 368 980 alii
404 942 440 979 in
462 941 550 979 alias
579 950 710 981 terras,
741 952 824 989 pars
844 951 911 989 per
931 936 1103 988 Epirum,
1131 939 1282 976 oraculo
1311 940 1394 978 Do-

83 1005 190 1042 donae
208 1013 377 1053 acceptO,
398 1001 496 1052 quod
523 1000 638 1038 etiam
658 998 833 1036 Macrob.
867 996 885 1033 I
907 998 983 1034 Sat.
1014 1010 1035 1047 7
1070 996 1217 1041 recitat,
1246 999 1396 1038 Ionium

84 1064 325 1114 trajecerant,
360 1073 397 1100 et
432 1062 649 1111 tempestare
679 1059 805 1096 vexati
824 1056 871 1094 ad
890 1057 1018 1094 ostium
1046 1056 1136 1094 Padi
1164 1058 1396 1109 Spineticum

83 1125 320 1176 appulerant.
374 1122 435 1161 Ibi
455 1136 540 1173 pars
565 1122 680 1159 castra
706 1130 743 1157 et
762 1118 888 1156 urbem
908 1117 1090 1159 muniunt,
1117 1117 1181 1155 alii
1199 1119 1246 1156 ad
1267 1119 1400 1159 interi-

84 1199 151 1223 ora
186 1194 293 1223 terrae
322 1194 499 1235 pergunt,
544 1192 581 1220 et
612 1181 766 1220 Umbris
798 1179 975 1231 primum,
1013 1188 1090 1216 tum
1129 1178 1397 1231 Aboriginibus

82 1245 266 1290 laceffitis,
306 1244 368 1282 ubi
399 1244 446 1281 ad
476 1242 655 1281 Cutiliam
684 1251 858 1278 eventum
890 1239 1025 1276 habere
1044 1238 1174 1276 vident
1193 1240 1298 1290 Jovis
1317 1243 1398 1280 Do-

83 1306 199 1344 donaei
218 1305 425 1356 responsum
450 1304 554 1346 illud,
590 1316 674 1340 cum
705 1301 759 1338 his
786 1300 904 1338 foedus
924 1299 1081 1342 faciunt,
1113 1300 1269 1351 agrique
1287 1313 1396 1352 parte

84 1377 242 1417 accepta
257 1366 427 1404 adversus
449 1365 591 1402 Siculos
606 1362 694 1400 belli
709 1361 921 1399 societatem
940 1360 1067 1397 ineunt
1092 1360 1225 1410 hosque
1246 1361 1396 1400 tandem

86 1426 134 1465 ab
154 1437 307 1478 utraque
328 1426 479 1464 Tiberis
508 1434 612 1475 parte
633 1422 776 1460 sedibus
795 1421 961 1470 ejiciunt.
981 1434 1018 1457 v.
1047 1420 1206 1471 Dionys.
1227 1423 1260 1458 I.
1298 1426 1395 1460 18—

85 1501 152 1528 21.
209 1488 282 1526 Sed
299 1487 457 1537 Pelasgi,
489 1487 535 1523 ab
551 1484 706 1535 egregio
731 1497 852 1520 rerum
882 1482 1147 1532 hominumque
1168 1484 1289 1526 auem,
1327 1484 1396 1522 ali-

85 1549 235 1601 quando
255 1550 331 1599 post
361 1547 473 1585 variis
503 1545 774 1584 calamitatibus
812 1554 848 1580 et
881 1542 1154 1580 diffenfionibus
1188 1543 1396 1583 domesticis

85 1610 235 1662 agitati,
254 1609 291 1646 in
307 1609 426 1646 varias
447 1619 567 1657 partes
583 1605 730 1656 dispersi
755 1605 848 1642 sunt.
907 1603 1034 1646 Pauci,
1054 1604 1117 1654 qui
1135 1605 1396 1649 remanserant,

87 1669 339 1723 Aboriginum
359 1667 496 1705 nomini
513 1667 613 1704 suum
632 1664 821 1716 paullatim
841 1663 1096 1701 submiserunt,
1126 1678 1163 1701 v.
1179 1665 1270 1702 ibid.
1301 1666 1348 1703 ad
1359 1681 1396 1705 c.

87 1744 150 1781 30.
208 1729 443 1767 Access‘erunt
477 1740 562 1764 mox
595 1724 739 1776 Pelasgi
766 1738 813 1761 ex
846 1723 1010 1761 Arcadia
1034 1723 1096 1760 sub
1130 1725 1321 1769 Evandro,
1349 1727 1397 1765 de

83 1790 217 1841 quibus
238 1788 311 1826 alio
335 1789 421 1826 loco
440 1785 647 1824 videbimus
665 1799 675 1828 ;
722 1794 801 1821 tum
821 1782 948 1820 Graeci
963 1796 1047 1820 cum
1074 1784 1228 1821 Herculi
1246 1786 1396 1838 aliique.

84 1849 264 1891 Dubitari
292 1848 417 1900 itaque
443 1861 517 1885 non
533 1846 663 1898 potest,
697 1845 735 1883 in
756 1843 878 1881 media
893 1845 962 1880 hac
978 1843 1087 1881 Italia
1122 1846 1226 1894 (nam
1259 1846 1304 1883 de
1329 1861 1394 1885 ex-

83 1920 202 1949 trema
234 1909 341 1947 Italia
370 1907 524 1947 coloniis
554 1907 773 1944 Graecorum
806 1903 918 1941 variis
956 1904 1182 1954 temporibus
1214 1918 1397 1958 occupata

83 1983 156 2009 non
177 1969 340 2021 agimus)
367 1981 543 2018 magnam
565 1965 815 2015 Aboriginum
833 1974 975 2013 partem
993 1964 1039 2001 ab
1058 1978 1102 2002 eo
1121 1964 1207 2002 inde
1228 1976 1395 2018 tempore

84 2029 281 2080 Pelasgicae
305 2039 341 2066 et
370 2027 575 2065 Hellenicae
597 2025 699 2063 fuisse
730 2024 862 2074 stirpiS,
892 2024 1080 2074 multaque
1105 2038 1151 2062 ex
1170 2026 1302 2063 horum
1321 2027 1394 2065 ser·

83 2103 194 2128 mone
210 2099 247 2127 et
261 2088 500 2139 religionibus
515 2087 596 2125 illos
612 2086 812 2128 adscivisse,
868 2087 954 2137 Qo
978 2086 1057 2136 ipso
1089 2088 1200 2135 poe'ta
1225 2098 1394 2137 paratam

82 2150 195 2188 habet
231 2149 516 2191 excusationem,
545 2147 643 2198 quod
669 2147 783 2184 multa
802 2146 838 2183 in
858 2147 912 2183 his
940 2146 1030 2184 locis
1061 2146 1108 2183 ad
1138 2147 1395 2187 Graecanicam

83 2210 303 2261 religionem
319 2209 467 2247 deflexit
485 2223 495 2252 3
525 2207 601 2256 ejus
628 2207 726 2243 enim
753 2206 906 2258 vestigia
924 2207 1049 2258 passim
1064 2206 1177 2244 etiam
1195 2207 1395 2258 Dionysius

84 2270 309 2320 agnoscebat
327 2269 494 2320 inprimis
516 2267 667 2305 Faleriis
687 2281 720 2305 c.
753 2279 813 2304 21.

142 2331 226 2369 Nec
246 2339 368 2366 tamen
389 2327 616 2378 Aborigines
643 2337 840 2377 propterea
860 2325 1060 2376 Pelasgicae
1076 2325 1191 2376 stirpis
1207 2326 1395 2364 habendos

83 2389 203 2430 videri
239 2387 573 2439 pronuntiavimus.
647 2388 775 2429 Reae,
820 2386 845 2423 fi
877 2386 965 2436 quid
1002 2386 1195 2431 videmus;
1240 2387 1396 2425 Faciunt

81 2451 181 2490 enim
203 2449 332 2491 multa,
365 2462 446 2498 quae
475 2447 537 2485 hic
556 2447 720 2484 enarrari
738 2457 939 2497 nequeunt,
971 2446 1219 2489 manifestum,
1254 2448 1393 2485 Abori-

83 2511 189 2561 gines
223 2508 270 2546 ad
297 2509 457 2556 Ausc'mum
495 2521 630 2544 nomen
667 2507 892 2556 pertinuisse,
933 2506 1031 2557 quod
1067 2507 1140 2544 late
1176 2520 1242 2557 per
1276 2517 1394 2546 totam

84 2569 232 2608 Italiam
258 2567 357 2606 sedes
377 2581 449 2605 non
469 2581 539 2605 uno
560 2566 707 2604 nomine
722 2566 867 2610 habuit,
895 2576 935 2604 ut
950 2576 1074 2604 tamen
1101 2566 1327 2617 Aborigines
1348 2567 1393 2604 ad

87 2628 254 2668 Circeios
274 2638 337 2665 aut
357 2628 452 2666 forte
473 2627 519 2664 ad
547 2627 668 2664 Lirim
689 2626 798 2676 usque
826 2626 1038 2664 habitarent
1056 2641 1065 2663 :
1095 2626 1392 2676 quandoquidem

84 2687 263 2727 Latinum
289 2700 438 2729 nomen,
463 2686 564 2737 quod
583 2687 621 2723 in
639 2685 732 2723 illius
760 2686 883 2723 locum
905 2686 1080 2729 successit,
1113 2699 1158 2723 eo
1177 2685 1287 2735 usque
1306 2700 1392 2736 per-2

83 2745 195 2784 tinuit
213 2760 224 2790 3
249 2745 334 2783 hinc
349 2759 438 2784 vero
457 2745 521 2796 qui
539 2759 605 2796 per
621 2745 865 2795 Campaniam
879 2756 914 2782 et
931 2746 1110 2796 reliquam
1136 2745 1283 2782 Italiam
1303 2745 1393 2783 infe--

83 2804 219 2846 riorem
245 2804 490 2857 habitarunt„
503 2805 628 2857 paffim
662 2804 852 2843 Ausonum
881 2818 1015 2843 nomen
1036 2804 1249 2850 servarunt5
1298 2806 1396 2842 unde

1301 2865 1397 2918 apud
