1847 3313
295 1281 298 1284 “
358 1286 413 1318 34.
458 1277 559 1320 recuſsu
584 1276 693 1305 Franc.

360 272 455 322 544
556 246 1032 304 P.v1RG1L11
1086 248 1482 303 MARon

357 389 542 444 Retulit
565 392 616 439 in
637 391 840 444 meliu83
878 389 1054 436 multos
1075 388 1252 435 alterna
1273 387 1475 435 revisens

357 483 490 533 Lufit
514 493 560 530 et
583 480 631 528 in
654 477 805 527 solido
829 477 987 525 rursus
1011 476 1218 525 Fortuna
1240 476 1433 524 locavit.

353 571 472 622 Non
492 571 581 618 erit
603 568 784 617 auxilio
805 566 943 614 nobis
961 562 1150 613 AEtolus
1173 577 1219 613 et
1249 566 1371 629 Arpi
1391 583 1404 613 z

355 661 426 711 At
449 660 687 723 Messapus
703 659 805 715 erit,
830 656 1039 720 felixque
1062 655 1368 714 Tolumnius,
1391 668 1438 703 et
1451 673 1569 721 quos

355 752 455 801 Tot
476 751 642 815 populi
659 748 822 796 misere
844 747 988 795 duces
1013 769 1026 802 ;
1057 762 1146 795 nec
1163 747 1295 794 tarda
1318 747 1538 811 sequetur
1572 763 1670 811 430

356 841 523 890 Gloria
545 840 750 888 deledkos
777 837 917 884 Latio
931 848 977 884 et
994 835 1306 883 Laurentibus
1331 836 1474 899 agris.
1715 849 1736 855 ⁵

354 931 441 981 Est
464 944 512 979 et
535 931 817 978 Volscorum
842 927 1033 991 egregia
1056 926 1113 974 de
1133 938 1274 989 gente
1299 926 1521 985 Camilla,

355 1023 549 1087 Agmen
570 1036 710 1085 agens
735 1017 966 1081 equitum,
991 1027 1038 1062 et
1061 1015 1272 1061 florentis
1298 1031 1392 1061 aere
1409 1028 1638 1064 caterva&¹

356 1113 504 1178 Qod
527 1111 561 1158 fi
585 1125 662 1158 me
682 1108 833 1155 solum
859 1105 1034 1153 Teucri
1050 1104 1100 1152 in
1118 1105 1377 1152 certamina
1394 1107 1611 1170 poscunt,

399 1225 477 1264 426.
502 1226 653 1268 multosque
675 1220 792 1254 Medic.
811 1232 828 1251 a
841 1230 885 1251 m.
902 1220 960 1251 sec.
1008 1231 1045 1251 m.
1061 1228 1172 1250 mutata
1187 1233 1213 1250 r.
1236 1219 1339 1251 Schol.
1368 1221 1484 1252 Horat.
1517 1221 1558 1252 ad
1574 1223 1587 1252 1
1604 1222 1667 1253 od,

782 1280 856 1310 427.
882 1271 992 1314 infolio
1008 1270 1061 1300 alii
1077 1271 1161 1310 apud
1179 1270 1283 1302 Ursm.
1317 1271 1446 1302 Zulich.
1474 1279 1505 1302 et
1524 1272 1667 1305 Parrhas.

356 1329 475 1372 insolito
498 1327 555 1357 sec.
573 1323 729 1356 Rottend.
755 1329 786 1352 et
798 1332 816 1352 a
832 1332 877 1352 m.
894 1321 953 1353 sec.
973 1321 1125 1357 Dorvill.‚
1140 1331 1317 1362 perperam.
1363 1324 1391 1354 in
1404 1324 1492 1366 solido
1513 1323 1556 1353 est
1573 1324 1605 1354 in
1623 1324 1672 1354 in·

356 1385 464 1420 tegro,
479 1379 511 1406 in
526 1375 719 1406 zncolumem
736 1371 863 1409 statum,
887 1371 920 1401 in
937 1370 1099 1412 integrum
1114 1371 1258 1402 restituit.
1311 1380 1315 1382 '
1350 1382 1426 1414 429.
1446 1374 1575 1404 ‘solonius
1593 1375 1672 1405 Par·

356 1429 441 1461 thas.
487 1428 637 1459 Tholotr'us
653 1424 755 1456 Goth.
775 1431 849 1454 tert.
938 1432 1011 1461 430.
1036 1432 1086 1454 non
1111 1423 1181 1453 edd.
1207 1424 1377 1454 nonnullae.
1422 1437 1469 1456 nec
1485 1426 1571 1457 tarda
1587 1433 1672 1457 tam-⁴
1711 1425 1716 1428 ’

357 1491 457 1524 quam
472 1479 650 1521 elegantius
665 1475 785 1517 recepit
801 1474 972 1505 secundum
990 1476 1051 1506 Ge.
1068 1474 1247 1505 Fabricium
1262 1475 1411 1506 Heinsius
1427 1487 1465 1507 ex
1481 1477 1582 1508 Servii
1597 1489 1672 1510 auc-

358 1531 510 1563 toritate:
538 1530 588 1560 cui
601 1530 685 1558 Ven.
701 1534 733 1557 et
745 1537 803 1568 pro
820 1536 888 1556 var.
908 1525 977 1556 leet.
1008 1527 1142 1566 Menag.
1162 1526 1369 1557 accedebant:
1395 1538 1468 1558 cum
1484 1528 1584 1559 Goth.
1606 1529 1667 1562 sec.-

358 1581 479 1615 Caeteri
495 1581 584 1612 codd.
599 1589 710 1610 omnes
725 1586 857 1608 tuentur
873 1575 1040 1617 vulgatam
1055 1587 1062 1607 ε
1088 1588 1135 1607 nec
1146 1585 1260 1619 parva.
1306 1589 1354 1608 nec
1369 1586 1450 1609 tanta
1468 1578 1543 1610 Exc.
1557 1581 1669 1612 Burm.

349 1635 507 1678 sequentur
524 1632 632 1673 Bigot.
676 1628 813 1659 Versum
825 1628 932 1658 laudat
944 1627 1048 1658 Schol.
1067 1627 1159 1658 Statii
1176 1627 1215 1658 ad
1230 1628 1274 1658 Vl
1286 1626 1391 1658 Theb.
1407 1637 1485 1668 910,
1505 1628 1560 1660 ubi
1573 1631 1672 1673 sequi-

358 1695 410 1718 tur
445 1684 580 1725 explicat
595 1693 603 1713 z
640 1680 786 1712 concedit
814 1678 872 1715 illi,
885 1690 888 1692 ·
903 1677 1007 1709 datur.
1097 1685 1173 1715 431.
1209 1677 1327 1708 deleam
1365 1677 1510 1709 Parthas.
1554 1680 1671 1721 dejeHo‘s

359 1736 445 1768 Gud.
464 1746 482 1766 a
499 1743 541 1765 m.
570 1733 628 1764 sec.
658 1741 731 1762 cum
749 1729 872 1771 aliquot
889 1726 959 1759 aliis
981 1726 1116 1764 Heiufii,
1132 1734 1168 1757 ut
1185 1727 1224 1757 ad
1246 1727 1406 1768 Trojanos
1420 1727 1589 1760 referatur.
1632 1731 1668 1761 In

357 1787 511 1820 Llediceo
527 1784 654 1816 versum
668 1783 753 1813 hunc
766 1779 914 1822 postponi
930 1777 1071 1820 sequenti
1086 1784 1175 1808 notat
1198 1780 1323 1815 Burm„
1349 1779 1435 1819 qnod
1451 1779 1535 1820 apud
1550 1781 1672 1823 Poggi-

355 1840 449 1870 nium
465 1836 590 1868 nonita
605 1836 634 1866 se
650 1833 757 1864 habet.
849 1839 911 1869 433
950 1837 977 1859 et
999 1827 1084 1859 deest
1103 1827 1240 1858 Dorvill.
1288 1828 1337 1858 De
1350 1836 1420 1859 toto
1443 1830 1534 1860 versu
1558 1831 1671 1863 dubito

356 1901 399 1921 an
414 1890 477 1921 huc
504 1887 671 1920 transsatus
696 1884 733 1915 fit
756 1893 794 1913 ex
804 1880 872 1914 'lib.
897 1882 971 1918 VH,
997 1881 1072 1918 804.
1159 1889 1232 1918 434-
1257 1881 1326 1924 QO
1345 1883 1379 1922 st
1406 1882 1504 1912 ROm·
1548 1885 1672 1928 QOSst

356 1942 489 1982 Hagen.
534 1950 577 1969 me
600 1937 703 1968 ‘leucri
725 1934 814 1978 fialam
835 1931 868 1963 in
893 1931 1049 1962 Pierianis
1064 1929 1200 1971 aliquot.
1244 1931 1272 1960 in
1288 1933 1437 1962 certamine
1461 1933 1597 1964 Mentel.
1620 1943 1669 1976 prr

355 1998 391 2023 et
405 1992 515 2021 Franc.
532 1987 599 2019 vid.
613 1987 682 2028 sup.
699 1995 731 2016 V.
761 1992 836 2017 221·

356 2086 560 2124 ciffitudine
589 2084 712 2123 multae
747 2096 800 2121 res
842 2090 976 2120 morta-

357 2135 449 2176 lium
467 2138 506 2174 in
523 2137 650 2174 melius
667 2145 861 2173 mutantur.
915 2133 978 2170 Ad

357 2199 525 2228 ornatum
572 2188 728 2239 speciant
777 2186 976 2235 adjun&a:

356 2257 476 2278 aevum
493 2247 648 2284 varium,
675 2239 714 2276 in
735 2251 808 2288 quo
835 2237 982 2273 fortuna

359 2292 460 2329 varia
490 2292 677 2340 jaeiamur.
742 2289 839 2327 labor
873 2290 980 2332 πόνος,

359 2356 532 2386 aerumna,
569 2340 749 2385 mutabilis,
785 2341 822 2377 in
849 2340 977 2377 melio-

358 2407 435 2432 rem
470 2394 653 2432 fortunam
691 2392 823 2435 mutari
858 2391 977 2435 solita,

358 2447 495 2484 alterna
528 2446 637 2496 potest
671 2445 736 2481 esse
768 2444 864 2481 dicta
900 2442 976 2493 ipsa

360 2495 546 2542 Fortuna3
585 2497 650 2534 nifi
668 2494 794 2535 malis:
840 2495 978 2532 alterna

362 2549 493 2597 (κατὰ)
520 2550 598 2599 ltfit
625 2558 658 2585 et
687 2549 799 2596 rursus
816 2552 851 2584 in
871 2546 980 2594 solido

360 2601 502 2645 locavit,
525 2601 565 2638 in
598 2601 715 2643 firmo,
747 2608 843 2640 tuto,
876 2601 904 2635 ἓν
933 2602 986 2648 τῷ

358 2653 505 2703 ςαθεξῷ,
542 2662 647 2689 antea
681 2651 720 2688 in
753 2648 894 2686 lubrico
929 2649 981 2686 la-

359 2705 500 2743 bantes.
551 2703 677 2747 ludere,
702 2711 829 2752 praeter
846 2713 980 2751 expec-

361 2756 537 2793 tationem
582 2754 724 2804 aliquid
773 2752 982 2798 inferendo,

360 2807 536 2847 mutando
557 2820 567 2845 z
596 2807 806 2858 plerumque
823 2804 862 2844 in
881 2804 979 2843 dete·

1044 2081 1141 2118 rius:
1170 2079 1247 2117 h.1.
1268 2079 1305 2117 in
1320 2079 1459 2117 melius.
1512 2080 1673 2131 insolida„

1044 2133 1084 2169 in
1123 2131 1323 2182 integrum,
1366 2130 1407 2167 in
1450 2131 1672 2172 incolumem

1045 2185 1191 2227 statum,
1218 2179 1381 2220 restituit.

1097 2237 1186 2284 428.
1206 2245 1296 2285 429.
1336 2234 1562 2284 Comparant
1581 2235 1665 2273 Ho-

1046 2287 1223 2325 mericum
1251 2288 1336 2335 vag'
1354 2287 1464 2333 ἔμοίγε
1481 2286 1542 2323 καῖ
1553 2286 1673 2332 ἄλλοις·

1044 2340 1124 2387 Οἵτγέ
1158 2356 1200 2385 με
1237 2341 1418 2384 τιμήσεσι.
1471 2338 1604 2376 AEtolus
1637 2349 1670 2376 et

1044 2392 1165 2442 Arpi:
1193 2388 1272 2439 sup.
1295 2402 1367 2438 239
1387 2389 1439 2439 sq.
1484 2390 1671 2440 Meffapus,

1043 2443 1088 2478 de
1105 2453 1178 2492 quo
1208 2441 1273 2479 lib.
1307 2440 1401 2484 VII,
1435 2439 1504 2490 691
1531 2442 1607 2491 sqq.
1636 2451 1673 2478 et

1043 2493 1147 2530 alibi·
1202 2493 1395 2530 Tolumnius
1420 2491 1470 2528 cf.-
1486 2492 1554 2530 inf.
1576 2492 1672 2537 XII,

1045 2547 1131 2594 258.
1175 2544 1275 2595 felix
1305 2553 1423 2580 autem
1441 2543 1587 2580 videtur
1614 2544 1672 2581 ine-

1048 2596 1262 2634 felicitatem
1278 2593 1472 2632 Diomedis
1486 2594 1672 2644 respicere.

1047 2661 1136 2696 430,
1163 2658 1199 2684 et
1220 2656 1344 2697 parata
1361 2645 1438 2695 erit*
1454 2647 1572 2696 gloria
1590 2645 1672 2696 ipfis

1048 2698 1206 2736 Latinis.
1269 2711 1360 2748 432.
1407 2697 1466 2735 De
1510 2697 1672 2735 Camilla

1045 2751 1113 2788 lib.
1135 2749 1213 2786 VII
1229 2749 1258 2787 f.
1311 2762 1398 2800 433.
1415 2752 1572 2798 florentes
1587 2765 1672 2794 aere,

1046 2802 1240 2854 fulgentes.
1279 2814 1317 2843 V.
1347 2801 1423 2853 sup.
1455 2799 1549 2844 VII,
1582 2802 1670 2848 804.

1325 2879 1327 2882 v
1481 2861 1672 2904 tantumque
