1847 3313
338 304 803 373 AENE'IDOS,
860 307 1189 368 LIB.VII.
1349 339 1412 389 99

93 432 256 491 Mixta
278 444 368 492 deo
390 445 578 502 mulier,
600 447 849 510 postquam
879 448 1134 498 Laurentia
1157 451 1331 512 vidior„

93 530 316 593 Geryone
339 533 582 589 exstineto,
608 533 887 595 Tirynthius
911 537 1086 600 adtigit
1107 555 1232 596 arva,

92 619 437 685 Tyrrhenoque
461 623 604 670 boves
629 624 676 670 in
702 624 897 671 flumine
922 626 1035 674 lavit
1059 627 1234 676 iberas.

22 713 26 718 ’
88 706 191 758 Pila
217 726 360 758 manu
385 711 624 774 saevosque
646 722 819 776 gerunt
842 714 892 759 in
912 714 1037 762 bella
1056 716 1250 764 dolones
1270 740 1282 772 ς

85 799 151 847 Et
174 801 311 846 tereti
334 814 551 866 pugnant
572 817 801 850 mucrone
826 819 1031 867 veruque
1053 806 1256 854 Sabello.
1310 809 1401 871 665

85 889 192 955 Ipse
215 890 372 953 pedes,
398 904 630 955 tegumen
656 905 878 958 torquens
905 895 1096 943 inmane
1119 897 1286 956 leonis,

84 1029 169 1054 taett.
192 1031 267 1055 ante
284 1023 399 1055 Heius.
425 1037 510 1055 auras
526 1025 669 1068 legitur:
695 1026 779 1067 quod
796 1026 916 1058 nollem
933 1033 1095 1060 mutatum
1112 1027 1183 1067 effe,
1206 1040 1280 1061 cum
1303 1029 1405 1076 altem

82 1074 116 1105 in
130 1075 200 1106 loco
217 1077 276 1106 Ge.
302 1077 341 1113 ΙΙ,
363 1085 405 1114 47
424 1076 512 1107 idem
534 1077 695 1109 servatum
713 1078 758 1110 sit.
805 1079 875 1110 Nec
902 1079 1014 1111 dubito
1036 1092 1100 1111 oms
1124 1080 1207 1111 nihil
1233 1081 1320 1112 aliud
1343 1080 1405 1111 effe

82 1134 181 1169 'quam
196 1127 362 1169 antiquam
386 1128 576 1170 scripturam
602 1137 634 1160 et
657 1130 956 1172 pronuntiationem
983 1132 1020 1162 τὲ
1043 1144 1142 1163 auras.
1168 1132 1207 1162 cf.
1227 1133 1266 1163 ad
1283 1135 1341 1165 Ge.
1368 1133 1408 1170 Π,

82 1187 218 1217 147.——
229 1178 303 1218 663.
329 1180 487 1221 influmina
499 1180 586 1211 Gud.
602 1181 721 1211 Hiberos
734 1182 797 1212 duo
812 1183 938 1216 lWoret.
984 1183 1078 1213 Iberos
1095 1182 1218 1224 aliquot
1231 1184 1315 1216 Pler.

83 1228 160 1269 665.
188 1231 227 1260 Ut
241 1236 264 1260 t.
291 1230 424 1261 Oudart.
473 1231 584 1262 Heins.
609 1232 692 1264 coni.
718 1240 776 1264 aut.

869 1232 944 1265 666.
970 1240 1090 1275 tegumen
1107 1234 1220 1266 Heius.
1247 1245 1263 1264 e
1281 1235 1406 1265 Medic.

83 1282 115 1323 (a
132 1280 290 1322 Fogginio
306 1284 420 1323 tegimen
437 1282 627 1326 expressum)
652 1292 682 1315 et
700 1284 801 1315 tribus
822 1284 900 1315 aliis.
948 1286 984 1315 In
1004 1285 1147 1326 reliquis,
1172 1285 1269 1316 etiam
1286 1286 1408 1316 Pieria-

81 1333 141 1371 nis‚
154 1333 277 1374 tegimen.
325 1332 435 1375 Vulgo
451 1340 551 1376 tegmen
562 1349 574 1366 .-
597 1346 627 1367 ν.
648 1335 716 1378 sup.
733 1336 773 1367 ad
788 1337 843 1374 111,
857 1345 933 1378 594.
978 1337 1102 1368 Eadem
1119 1337 1254 1368 varietas
1265 1337 1298 1368 in
1310 1337 1408 1369 Livio

80 1394 114 1418 et
130 1385 200 1417 aliis
215 1385 392 1417 observata.

79 1494 176 1543 apud
194 1494 418 1540 Evandrum,
452 1494 514 1545 qui
534 1504 609 1532 tum
629 1495 708 1534 loca

81 1547 179 1583 cirea
209 1546 410 1584 Palatinum
428 1556 463 1583 et
483 1547 708 1586 Aventinum

81 1598 238 1642 tenebat,
279 1597 478 1635 deverterat
515 1598 706 1637 Hercule&

79 1654 113 1685 v.
131 1649 203 1698 663
220 1649 407 1699 poeticum
421 1660 587 1687 ornatum
602 1651 708 1688 habet

79 1701 273 1738 commode
290 1700 336 1737 ab
353 1713 395 1738 eo
413 1701 582 1751 petitum,
608 1703 707 1751 quod

78 1751 118 1788 in
137 1762 379 1788 armentorum
405 1764 492 1788 cura
519 1753 707 1803 proprium

78 1803 141 1846 est,
170 1804 288 1840 lavare
320 1816 491 1853 gregem3
535 1816 630 1853 pro:
676 1816 708 1843 et

77 1866 232 1893 armenta
249 1870 291 1892 ex
308 1857 478 1904 Iit-spania
501 1857 656 1893 adduxit.

131 1906 349 1956 664—669.
363 1905 571 1958 geruntscil.
587 1908 709 1944 Aven-

79 1957 151 1995 'tini
178 1957 352 2003 comite53
381 1971 470 2007 quos
489 1959 611 2008 paullo
643 1960 709 1996 du-

80 2010 153 2047 rius
179 2009 406 2060 subintelligi
437 2023 509 2046 non
541 2009 705 2047 inficior:

79 2060 140 2097 etfi
159 2073 202 2098 eo
221 2061 351 2098 ducere
370 2061 481 2111 potest
511 2061 548 2098 τὸ
581 2063 654 2111 [pst
672 2076 706 2099 v.

80 2112 168 2150 666.
224 2111 306 2149 Nec
337 2111 534 2155 monitum,
566 2115 661 2150 unde
681 2113 709 2151 ii

79 2163 231 2207 fuerint,
265 2177 356 2213 quos
386 2163 554 2202 adduxit.
610 2165 710 2202 Loca

79 2214 178 2251 circa
205 2215 430 2252 Aventinum
461 2225 621 2253 montem
648 2229 708 2254 eos

79 2263 284 2304 inhabitare
297 2267 417 2304 dicere
432 2277 582 2316 poterat.
637 2268 705 2305 Sed

80 2326 176 2355 totus
204 2319 304 2355 locus
322 2331 342 2354 a
359 2323 467 2369 poeta
497 2318 705 2364 inchoatus,

78 2381 152 2405 non
169 2369 349 2406 absolutus
363 2369 429 2407 esse
442 2369 596 2407 videtur.
624 2371 707 2409 Pila

79 2419 171 2459 bene
190 2431 380 2466 memorat,
413 2430 598 2473 tamquam
628 2421 706 2461 Ro-

79 2485 267 2510 manorum
296 2482 332 2510 et
361 2473 539 2510 Italorum
567 2473 708 2519 telum3

78 2536 116 2561 v.
148 2524 194 2560 de
222 2523 266 2561 iis
294 2524 420 2574 Polyb.
450 2524 521 2567 VI,
552 2539 616 2567 21,
643 2525 708 2563 ubi

79 2575 174 2613 ὑπο-οἷ
206 2576 442 2626 appellantur.
484 2577 554 2614 vDe
583 2576 709 2622 dolone,

79 2627 128 2665 de
155 2640 228 2677 quo
259 2627 402 2665 Reines.
430 2627 521 2666 Var.
541 2628 641 2666 Lest.
671 2642 708 2679 p.

80 2678 158 2727 640
176 2679 267 2729 egit,
297 2678 403 2716 unice
421 2680 707 2729 ampleftendum

77 2731 142 2776 est,
169 2729 268 2780 quod
289 2742 310 2767 e
327 2729 492 2768 Varrone
510 2730 610 2768 affert
630 2732 709 2768 Ser-

79 2781 185 2819 vius:
229 2781 297 2819 effe
333 2782 515 2832 ingentem
555 2794 706 2821 contum

81 2845 166 2871 cum
197 2832 292 2870 ferro
331 2833 545 2872 bmviffimo.
615 2834 708 2872 Tale

79 2897 193 2938 genus
217 2883 282 2923 teli
299 2883 374 2924 illis
400 2885 623 2938 temporibus
652 2899 710 2926 ac-

775 1497 1062 1537 commodatum.
1119 1498 1214 1537 Petit
1231 1498 1316 1538 hinc
1347 1498 1407 1537 Si-

772 1549 843 1585 liu's
861 1549 933 1593 HL>
963 1563 1051 1600 250.
1103 1551 1295 1589 Macronem
1323 1563 1406 1589 tere-

774 1611 837 1637 tem
857 1614 900 1637 ex
921 1601 984 1638 usu
1002 1603 1176 1652 loquendi
1191 1617 1264 1640 non
1278 1603 1340 1641 nisi
1355 1605 1403 1642 de

773 1652 900 1701 gladio
956 1653 1092 1703 exiguo
1141 1654 1261 1705 accipi
1309 1656 1404 1705 poffe

772 1713 883 1751 puto;
913 1717 977 1741 nec
997 1716 1114 1742 tamen
1144 1707 1182 1743 τὸ
1209 1719 1292 1743 teres
1320 1706 1405 1745 satis

773 1755 961 1793 convenit:
994 1756 1166 1794 Sabellum
1180 1768 1300 1796 autem
1317 1773 1405 1796 vera

773 1806 912 1843 nullum
928 1807 1026 1843 aliud
1038 1809 1104 1844 effe
1115 1808 1275 1854 videtur,
1294 1823 1404 1858 quam

772 1868 951 1901 verutum,-
966 1859 1080 1908 jaculi
1100 1859 1157 1897 seu
1177 1861 1240 1897 teli
1269 1861 1405 1899 miffilis

773 1921 884 1957 genus
898 1921 906 1945 ε
927 1910 1113 1960 praefixum
1128 1911 1163 1948 ei
1176 1911 1311 1949 ferrum
1327 1925 1404 1950 me·

773 1959 842 1998 lius
858 1961 984 2012 utique
996 1973 1077 2000 teres
1095 1963 1200 2009 effet3
1229 1977 1274 2000 an
1291 1968 1404 2015 poeta

773 2010 865 2049 illud
903 2026 967 2062 per
999 2029 1177 2052 mucronem
1221 2016 1406 2054 declarare

770 2063 910 2101 voluit?
924 2065 1142 2104 Samnitium
1156 2066 1302 2117 quidem
1319 2081 1404 2118 pro-

770 2114 890 2165 prium
943 2117 1015 2153 hoc
1066 2119 1220 2156 telorum
1273 2132 1402 2169 genus,

772 2169 895 2205 σαυνίων
913 2169 1067 2212 άίξὶωη,
1092 2182 1113 2205 a
1131 2182 1203 2220 quo
1219 2170 1310 2208 adeo
1337 2185 1404 2209 no-

771 2232 854 2256 men
872 2233 996 2256 eorum
1029 2220 1175 2258 duCtum
1195 2222 1260 2259 esse
1276 2223 1404 2261 volunt

774 2270 1003 2308 Saunitarum
1021 2282 1056 2308 et
1075 2272 1316 2311 Samnitarum
1341 2275 1403 2313 seu

774 2321 991 2361 Samnitum.
1027 2323 1106 2362 vid.
1143 2321 1280 2364 Festum
1318 2339 1403 2366 voc·

745 2405 750 2413 ,
774 2374 977 2411 Samnitibus
1005 2383 1042 2412 et
1071 2376 1134 2426 qui
1159 2376 1205 2412 ad
1230 2390 1261 2415 e.
1279 2377 1307 2416 Ι.
1326 2378 1405 2415 lau-

774 2425 920 2470 dantur,
939 2435 974 2463 et
994 2426 1158 2466 Strabon.
1187 2427 1240 2473 V,
1267 2443 1303 2480 p.
1326 2434 1399 2479 383

775 2475 817 2514 B.
871 2476 970 2524 Jam,
989 2490 1073 2515 cum
1091 2479 1266 2518 Samnites
1294 2481 1403 2519 Sabi-

775 2541 830 2565 nae
856 2528 972 2578 gentis
992 2543 1153 2581 propago
1180 2531 1261 2576 fint,
1291 2532 1402 2572 etiam

774 2579 918 2616 Sabinis
947 2580 1043 2618 idem
1072 2582 1176 2619 hastae
1201 2596 1313 2633 genus
1334 2584 1403 2622 sol-

773 2631 879 2668 lenne
909 2631 989 2674 effe,
1032 2642 1094 2670 aut
1129 2633 1252 2671 saltem
1287 2635 1403 2674 tribui

800 2682 909 2726 omit,
946 2683 1040 2720 unde
1083 2701 1171 2722 veru
1217 2685 1404 2727 Sabellum.

774 2696 856 2771 iilifi
874 2734 1025 2771 omnino
1043 2749 1234 2774 commune
1250 2737 1321 2774 fuit
1338 2752 1405 2788 po-

772 2785 939 2835 pulorum
953 2785 1051 2824 Latii
1068 2797 1102 2824 et
1115 2787 1261 2838 reliquae
1278 2788 1404 2830 Italiae.

772 2837 835 2873 Sic
855 2837 997 2887 Georg.
1017 2837 1071 2882 11,
1103 2840 1172 2876 168
1202 2840 1325 2890 Volscos
1342 2859 1405 2880 ve-

774 2899 860 2926 rutos
896 2888 1067 2931 vidimus.
1137 2894 1227 2933 666.
1254 2903 1407 2945 tegumen

829 2939 868 2977 G
899 2952 920 2978 Ζ
1292 2944 1407 2992 leonis,
