1847 3313
378 304 471 352 230
561 286 615 333 P.
664 279 1043 331 VIRGILII
1114 277 1504 327 MARONIS

378 417 467 464 Per
488 416 655 463 sudum
675 411 866 459 rutilare
889 409 1068 466 vident,
1103 419 1150 455 et
1174 406 1306 471 pulsa
1330 417 1512 453 tonare.

379 506 674 567 Obstupuere
698 500 870 548 animis
894 498 976 546 alii
1000 521 1012 552 ;
1050 496 1126 543 sed
1164 495 1338 543 Troius
1361 495 1497 541 heros
1597 503 1695 556 530

381 596 594 660 Agnovit
618 594 824 640 sonitum
849 602 895 637 et
917 589 1045 636 divae
1068 586 1291 651 promiffa
1314 585 1538 650 parentis.

385 687 514 732 Tum
533 694 788 731 memorat:
811 681 887 727 Ne
899 677 1456 741 vero,hospeS,nequaere
1467 672 1696 738 profectQ

385 774 547 837 Qern
562 772 721 819 casum
738 780 959 834 portenta
977 767 1151 832 ferant:
1178 783 1266 829 ego
1279 765 1450 828 poscor
1464 765 1693 828 Olympo.

387 864 500 910 Hoc
520 863 707 926 fignum
730 859 904 907 cecinit
928 856 1169 905 missuram
1193 856 1304 904 diva
1322 857 1541 911 creatrix,

391 956 439 1002 Si
462 955 645 1001 bellum
670 953 907 1016 ingrueret
930 973 942 1004 ;
975 947 1297 1010 Volcaniaque
1317 962 1448 992 arma
1469 961 1554 1008 per
1569 961 1702 993 auras

393 1045 619 1092 Laturam
644 1041 838 1088 auxilio.
1608 1033 1701 1098 536

396 1131 510 1179 Heu
533 1141 720 1191 quantae
746 1127 925 1175 miseris
950 1127 1102 1173 caedes
1130 1125 1447 1173 Laurentibus
1473 1122 1675 1172 instant!

398 1223 528 1288 Qas
541 1234 705 1283 poenas
723 1217 858 1272 mihi,
882 1215 1062 1272 Turne,
1085 1214 1250 1262 dabis!
1287 1232 1431 1283 quam
1455 1215 1603 1261 multa
1624 1213 1709 1261 sub

593 1309 742 1356 undas

405 1405 547 1450 Scuta
568 1402 726 1448 virum
747 1398 994 1464 galeasque
1019 1410 1064 1445 et
1092 1398 1234 1446 fortia
1259 1414 1462 1461 corpora
1486 1399 1664 1456 volves,
1727 1409 1731 1412 ’

450 1561 525 1594 529.
562 1553 729 1596 Persuidum
756 1553 859 1583 Rom.
906 1551 1007 1596 fimare
1030 1550 1115 1582 idem
1141 1557 1172 1582 et
1199 1549 1320 1592 aliquot
1339 1549 1419 1582 Pier.
1452 1556 1484 1581 et
1512 1548 1621 1581 Heius.
1647 1557 1721 1579 curn

410 1604 509 1635 Goth.
529 1604 583 1634 sec.
676 1612 752 1643 531.
781 1613 807 1634 et
824 1602 908 1634 abest
932 1604 1092 1633 Romano.
1183 1610 1260 1641 532.
1286 1602 1368 1633 ‘Tunc
1383 1614 1452 1632 vcro
1467 1610 1608 1638 memorat,
1635 1600 1726 1644 hqlpes

412 1669 455 1693 ne,
473 1657 554 1687 Vcn.
602 1668 648 1686 mc
666 1668 736 1686 vero
759 1656 834 1685 Exc.
863 1655 973 1685 Burni.
1019 1667 1066 1686 nec
1091 1665 1189 1698 quaere
1212 1653 1348 1685 Oudart.
1392 1666 1425 1685 ne
1440 1665 1548 1697 quaere,
1570 1653 1673 1695 hospes,
1695 1663 1728 1684 ne

412 1720 509 1751 quare
521 1707 647 1750 prosec‘t‘o
665 1706 786 1747 aliquot
806 1705 887 1736 Pier.
980 1715 1055 1744 533.
1086 1706 1194 1748 serunt
1217 1705 1361 1736 Parthas.
1397 1706 1495 1749 serant
1522 1703 1624 1735 Goth.
1650 1710 1729 1738 tert.

500 1769 573 1798 534.
600 1759 754 1800 Musarum
770 1758 844 1788 diva
857 1759 979 1788 creatrix
1004 1756 1104 1789 Goth.
1118 1764 1208 1794 tert„
1224 1757 1307 1788 miro
1318 1757 1620 1798 ssup01·e.——537.
1640 1756 1728 1789 caedes

416 1810 515 1854 miscris
534 1809 638 1841 Schol.
657 1808 783 1840 Horatii
796 1808 898 1848 Epod.
918 1809 951 1838 X
968 1818 1041 1839 curn
1060 1808 1223 1839 Montalb.
1263 1809 1354 1840 clades
1370 1808 1477 1849 Bigot.
1493 1819 1510 1839 a
1522 1818 1564 1838 m.
1582 1808 1638 1838 sec.

416 1862 493 1901 538.
516 1863 601 1904 Qas
616 1862 683 1891 mihi
703 1861 800 1892 ‘Turne
812 1860 893 1893 dabis
905 1869 1009 1902 poenas
1032 1859 1149 1891 Hamb.
1177 1860 1235 1891 sec.
1281 1869 1311 1890 tu
1332 1861 1399 1891 mihi
1420 1860 1518 1891 ‘Turne
1533 1860 1643 1890 Franc.
1678 1858 1736 1901 sed

418 1915 507 1947 mlta
523 1915 607 1944 Ven.
647 1912 703 1956 sub
720 1912 799 1942 undis
816 1911 875 1943 sec.
893 1914 1012 1943 Moret.
1047 1912 1103 1955 sub
1120 1913 1196 1944 unda
1224 1920 1288 1943 tres
1305 1912 1417 1943 Burni.
1439 1921 1512 1942 cum
1529 1912 1643 1950 Rom,
1672 1910 1734 1942 mi-

420 1976 478 1996 nus
493 1963 796 2006 poetice——539-
819 1963 939 1994 volvens
956 1964 1054 1995 Rom.

423 2079 548 2107 notum
564 2071 626 2113 est,
645 2070 812 2115 inventa3
832 2079 866 2107 et
885 2069 1046 2108 dofflus:
1115 2072 1190 2113 608
1220 2070 1329 2120 usque
1347 2070 1392 2107 ad
1422 2069 1448 2109 f·
1480 2068 1567 2107 libri
1585 2068 1737 2119 sequun-

426 2121 617 2170 ffiwhenus
648 2121 784 2172 clangor
802 2122 904 2160 tubae.
963 2135 1050 2172 529.
1117 2133 1188 2160 tur.
1246 2121 1323 2158 Hic
1340 2121 1448 2159 etiam
1481 2122 1598 2159 multo
1625 2120 1741 2171 magis

420 2172 534 2224 pulsa,
561 2172 730 2223 impulsa,
759 2173 859 2209 allisa
873 2173 938 2209 fibi
956 2173 1050 2210 invi·
1117 2174 1266 2210 vacaffet
1283 2173 1424 2210 animus
1442 2173 1487 2210 iis
1516 2173 1619 2210 rebus
1649 2185 1739 2222 cog-

427 2237 522 2266 cem,
549 2235 678 2268 tonare,
715 2236 780 2274 pro
812 2224 969 2275 simplici
998 2223 1052 2263 so-
1120 2224 1324 2269 noscendis,
1356 2238 1434 2274 quae
1452 2225 1496 2261 de
1514 2224 1622 2274 clipei
1636 2237 1742 2274 argu-

429 2288 526 2314 nare.
1122 2286 1244 2313 mento
1259 2286 1463 2321 narrantur,
1480 2289 1586 2326 quam
1599 2276 1742 2326 cupidi-

484 2339 571 2378 531.
600 2333 785 2376 Hagno-vit
798 2328 1055 2379 di-vaepromffz
1123 2338 1194 2365 tate
1228 2341 1290 2378 per
1317 2328 1395 2371 illa,
1439 2342 1518 2377 quse
1560 2327 1745 2377 interjefla
1812 2365 1816 2370 ,

429 2381 601 2430 parentis,
620 2387 656 2413 et
675 2392 708 2413 v.
742 2392 815 2429 534
841 2380 1056 2429 Hocstgmem
1120 2381 1217 2423 sunt,
1244 2379 1390 2429 repressa
1407 2390 1443 2417 et
1460 2378 1600 2418 obtusa.
1656 2380 1744 2424 Sed,

433 2442 508 2468 etc.
563 2429 660 2465 Bene
692 2429 862 2466 Servius:
913 2436 939 2453 “
962 2430 1057 2466 κατὰ
1121 2432 1147 2469 fi
1186 2431 1278 2467 hanc
1320 2430 1495 2468 rationem
1537 2429 1747 2481 sequebatur

435 2484 475 2520 τὸ
494 2483 694 2526 σιωπώμενον
720 2480 961 2531 intelligimus
986 2481 1059 2517 Ve-
1123 2487 1248 2534 poeta,
1276 2482 1346 2519 alia
1371 2481 1465 2520 forte
1495 2481 1750 2528 occurrebant,

437 2547 560 2571 nerem
579 2531 613 2569 ei
631 2531 836 2583 promiliffe.
854 2533 878 2547 ’³
916 2532 1062 2569 Clarior
1127 2534 1257 2584 quibus
1290 2533 1324 2570 se
1353 2533 1467 2584 premi
1502 2533 1689 2578 sentiebat,
1709 2546 1750 2572 ut

438 2599 492 2623 res
511 2597 567 2635 ap.
591 2582 744 2620 Homer.
776 2583 851 2620 vid.
883 2583 990 2620 Iliad.
1025 2602 1063 2629 σ,
1129 2586 1219 2622 adeo
1252 2585 1402 2622 alterum
1438 2585 1633 2636 praeferret.
1693 2602 1753 2638 ega

447 2639 529 2687 189.
585 2635 767 2672 Caeterum
785 2638 927 2685 poetam
947 2634 1007 2672 hic
1027 2635 1064 2672 in
1125 2641 1234 2687 poscor
1252 2637 1404 2688 Olympo,
1431 2636 1538 2673 tertio
1555 2635 1653 2680 casu,
1684 2651 1751 2687 pro

443 2689 579 2725 malum
607 2686 729 2724 locum
766 2686 921 2723 intuliffe
939 2687 1066 2736 pedem
1106 2722 1108 2724 ,
1132 2688 1177 2725 ab
1191 2689 1256 2731 O„
1285 2701 1340 2725 me
1353 2688 1536 2738 Olympus
1549 2687 1677 2738 poscit,
1697 2702 1755 2727 me

445 2749 604 2789 apparet.
661 2737 851 2774 Debebant
878 2737 992 2782 enim,
1029 2748 1069 2775 ut
1133 2739 1227 2783 vult,
1246 2738 1404 2790 respicit,
1431 2739 1469 2778 h.
1494 2740 1540 2775 ad
1565 2751 1621 2775 me
1642 2739 1754 2777 osten-

446 2792 499 2825 vis
517 2788 689 2826 carminis
721 2788 802 2826 effet
822 2788 904 2825 satis
922 2802 1069 2839 magna,
1136 2800 1214 2827 tum
1246 2791 1337 2828 ae'ris
1367 2791 1514 2841 specht,
1557 2789 1651 2827 nihil
1691 2792 1758 2839 est,

448 2854 490 2883 ea
507 2854 601 2879 nunc
620 2840 748 2879 omnia
763 2839 912 2891 subjici5
927 2854 1005 2891 quae
1018 2841 1070 2880 vs.
1139 2841 1235 2894 quod
1251 2841 1547 2931 vosterreamini.I
1568 2844 1654 2893 538.
1668 2855 1758 2893 539«

660 2904 681 2945 5
964 2938 971 2947 „
1197 2905 1199 2907 ’
1541 2902 1758 2937 nutationes
