1847 3313
385 286 788 343 AENffiDOg,
837 286 984 333 ΜΗ
1042 287 1105 333 ἐς,
1332 306 1423 353 477

115 416 327 480 Telaque
348 415 625 480 conjiciunt,
643 414 1024 478 proturbantque
1047 416 1230 462 eminus
1246 415 1428 462 hostem

116 503 389 551 Miffilibus.
461 503 570 551 Fuit
597 507 785 561 AEneas,
820 501 1058 564 &Eiusque
1082 514 1207 548 tenet
1230 501 1290 549 se.

114 597 191 643 Ac
216 597 358 652 velut,
392 594 535 642 effusa
558 594 592 640 fi
616 594 804 657 quando
828 593 1058 656 grandine
1081 592 1236 638 nimbi

116 686 443 750 Praecipitant,
476 685 633 733 omnis
649 684 832 747 campis
856 682 1052 745 diffugit
1067 694 1235 739 arator,

119 780 296 829 Omnis
314 792 361 825 et
374 775 607 841 agricola;
643 787 689 822 ct
708 787 807 821 tuta
832 775 943 821 latet
961 790 1068 821 arce
1089 775 1254 829 viator,
1340 777 1426 836 805

118 873 218 917 Aut
241 869 392 915 amnis
416 867 545 930 ripis,
580 878 661 913 aut
682 867 764 912 alti
781 866 961 912 fornice
983 866 1093 923 saxi,

118 962 252 1008 Dum
273 959 396 1024 pluit
413 959 463 1004 in
485 957 621 1005 terris
641 980 652 1011 ;
687 969 739 1004 ut
760 956 947 1019 poffint,
984 957 1078 1003 sole
1095 957 1302 1015 redudffi,

163 1110 237 1144 801.
257 1112 431 1156 perturbant
446 1109 564 1141 Medic.
594 1107 739 1140 Parthas.
759 1108 818 1138 Ed.
836 1106 975 1139 Mediol.
1003 1114 1035 1138 et
1065 1109 1146 1140 Ven.
1164 1115 1318 1150 perpetua
1333 1107 1437 1138 varia·

119 1163 219 1193 tione.
265 1164 300 1193 In
316 1164 398 1194 Ven.
417 1162 514 1193 etiam
531 1172 585 1203 que
600 1158 860 1190 deest.--802.
886 1159 1033 1201 clypeoque
1062 1168 1134 1190 tenet
1159 1161 1191 1203 se
1221 1160 1303 1190 alter
1313 1158 1430 1189 Hamb.

208 1213 284 1254 803.
308 1214 389 1256 eff'ufi
405 1211 533 1244 Zulich.
555 1222 628 1241 cum
655 1209 758 1240 Goth.
790 1216 865 1241 tert.
911 1209 994 1252 eff'ufh
1022 1210 1158 1240 Oudart.
1194 1211 1308 1254 ffusam
1326 1211 1435 1240 Franc,

208 1265 283 1304 805,
306 1274 333 1296 et
348 1271 421 1294 ante
437 1272 501 1294 tuta
516 1261 600 1292 abest
617 1268 694 1292 vett.
719 1260 791 1291 edd.
825 1259 916 1290 codd.
948 1262 1007 1290 Ge.
1036 1260 1181 1299 Fabricii,
1206 1262 1261 1302 qui
1277 1260 1435 1291 sublatum

118 1314 246 1347 volebat
259 1327 268 1354 ;
292 1324 323 1347 et
338 1314 460 1347 sustulit
469 1312 702 1354 Cuningham„
725 1311 778 1342 sed
792 1310 934 1341 numeris
949 1311 1055 1342 versus
1070 1312 1264 1351 debilitati33
1287 1320 1357 1343 tum
1372 1322 1436 1343 tuta

120 1378 225 1400 -tarte
234 1367 351 1399 Medic.
362 1377 435 1398 cum
450 1364 608 1408 plerisque
626 1362 735 1394 Heins.
751 1372 786 1392 ac
811 1361 970 1398 Parrhafi,
991 1363 1078 1403 quod
1108 1363 1156 1394 illi
1186 1363 1342 1406 placebat.
1386 1364 1436 1393 Sic

121 1430 247 1460 quoquc
261 1419 359 1450 Rom.
406 1419 486 1448 Suus
496 1425 604 1448 tamen
625 1423 785 1455 quemque
801 1412 906 1443 sensus
931 1412 1057 1443 docebit
1085 1413 1176 1445 facile
1196 1427 1261 1446 arce
1276 1413 1437 1455 praestare,

122 1478 179 1501 nec
195 1469 334 1501 debuisse
346 1473 480 1512 poetam
494 1467 588 1498 aliter
603 1466 720 1502 dicere,
742 1474 827 1501 cum,
848 1473 965 1504 genere
982 1463 1096 1504 posito,
1117 1476 1192 1497 mox
1216 1467 1293 1497 duas
1318 1465 1438 1496 formas

121 1531 157 1551 ac
173 1522 289 1564 species
303 1520 469 1563 subjiciat:
494 1529 608 1550 cavum
623 1517 702 1559 ripae
718 1515 770 1547 vel
786 1524 936 1552 antrum3
958 1514 1059 1547 solent
1073 1523 1181 1547 autem
1201 1521 1309 1559 poetae
1325 1517 1438 1559 generi

121 1571 222 1613 posito
238 1571 391 1613 subjicere
406 1569 545 1600 formam
559 1580 568 1600 :
592 1580 623 1600 v.
640 1579 667 1599 c.
687 1567 748 1598 inf.
766 1566 823 1597 lib.
839 1567 913 1603 XII,
926 1574 991 1604 522
1007 1566 1142 1598 Arentem
1159 1569 1185 1598 in
1192 1569 1303 1610 stivam
1319 1577 1346 1599 et
1371 1570 1437 1599 vir-

117 1625 204 1665 gulta
212 1625 343 1669 fhnantia
359 1623 450 1654 lauro.
495 1622 537 1652 Et
554 1619 594 1651 sic
616 1618 798 1651 sexcenties.
845 1626 905 1647 tute
920 1616 1057 1647 Dorvill.
1148 1617 1223 1659 807.
1247 1621 1326 1651 Dum
1337 1620 1437 1661 pluit.-

121 1672 162 1705 fic
177 1675 275 1706 etiam
291 1672 417 1705 Servius
433 1671 626 1713 distinguere
646 1668 743 1712 jussit,
763 1678 804 1699 ne
821 1666 1014 1698 archaismus
1028 1667 1196 1698 existeret:
1223 1671 1303 1699 Dum
1314 1670 1391 1712 pluit
1407 1670 1436 1699 in

121 1727 227 1756 terris.-
264 1735 323 1766 pro
347 1722 379 1753 in
403 1729 513 1752 terras.
558 1720 623 1751 Vix
639 1727 746 1751 tamen
762 1728 880 1760 magna
895 1717 1000 1748 sensus
1028 1716 1202 1750 subtilitate
1228 1731 1306 1761 opus
1321 1719 1377 1757 est,
1397 1729 1436 1752 ut

120 1776 234 1817 aliquis
248 1774 402 1819 percipiat
413 1772 495 1803 hanc
510 1770 806 1813 interpuntstionem
836 1767 895 1798 effe
920 1767 1012 1798 unice
1040 1768 1252 1809 probandam:
1292 1769 1435 1812 primum

124 1829 211 1868 quod
227 1827 384 1869 Virgilius
399 1823 555 1855 doeirinae
572 1821 674 1853 caussa
690 1820 905 1861 antiquiorem
921 1818 1063 1849 formam
1078 1820 1247 1860 praetuliss'e
1264 1821 1364 1852 videri
1381 1821 1435 1852 de·

124 1879 189 1917 bet,
210 1884 372 1921 praeeunte
392 1874 545 1905 Lucretio
560 1873 615 1904 lib.
631 1873 691 1909 VI,
713 1871 778 1911 630
800 1873 869 1902 Cum
881 1870 957 1912 pluit
973 1872 1001 1901 in
1017 1872 1099 1900 terris
1121 1880 1147 1901 et
1162 1874 1243 1903 venti
1259 1873 1354 1903 nubila
1366 1881 1432 1915 por-

121 1939 202 1969 tant3
242 1931 296 1961 etsi
311 1945 313 1948 ⁴
327 1927 381 1960 illa
409 1925 513 1956 forma
532 1935 598 1957 non
619 1931 688 1955 tam
704 1923 866 1964 antiquior
882 1933 978 1963 quam
995 1920 1182 1964 exquisitior
1198 1924 1329 1955 dicenda
1345 1932 1435 1961 erat:

125 1989 195 2013 tum
213 1992 298 2019 vero,
322 1978 408 2022 quod
424 1988 462 2010 ex
477 1977 577 2008 altera
591 1975 849 2018 interpunGtione
865 1973 962 2015 friget
988 1980 1074 2004 totus
1089 1973 1194 2005 locus:
1234 1986 1331 2016 quam
1346 1975 1434 2006 enim

125 2034 194 2064 vim
210 2033 306 2064 habet
322 2034 350 2063 in
366 2032 448 2062 terris
464 2029 497 2060 in
513 2028 571 2059 hac
586 2027 762 2059 sententia:
786 2029 814 2057 in
829 2027 911 2056 terris
927 2035 959 2056 ut
969 2025 1080 2067 pffm,
1090 2026 1148 2068 fiale
1160 2026 1282 2063 rainero,
1307 2028 1434 2058 Exerce-

123 2098 153 2114 τε
169 2086 237 2115 dicm
251 2085 270 2115 Ρ
292 2081 375 2113 Edd.
391 2081 525 2111 variant.
572 2080 674 2110 Porro
697 2081 724 2109 in
751 2087 842 2108 terras
867 2076 926 2106 Ed.
944 2087 993 2117 pr.
1013 2076 1124 2108 Burm.
1172 2086 1204 2106 ut
1213 2077 1292 2119 pfft
1309 2077 1435 2108 Medic.

124 2147 141 2166 a
159 2147 202 2167 m.
222 2146 268 2177 pr.
285 2144 357 2165 cum
372 2131 494 2172 aliquot
517 2130 606 2167 aliis3
639 2129 679 2161 fic
703 2140 841 2172 quoquc,
865 2128 951 2169 quod
969 2126 1105 2163 mireris,
1127 2126 1242 2160 itidem
1267 2138 1285 2158 a
1308 2138 1353 2158 m.
1380 2137 1430 2170 pr.

124 2191 302 2220 Romanus.
349 2185 458 2217 Etiam
471 2183 573 2215 Goth,
592 2192 640 2224 pr.

810 2283 1012 2322 simillimus
1031 2282 1130 2321 locus
1147 2284 1193 2320 est
1219 2283 1256 2320 in
1288 2282 1430 2335 Qinto

811 2336 970 2373 Calabro
991 2334 1103 2379 VIII,
1125 2338 1339 2393 379ss-385›
1368 2333 1432 2383 qui

811 2392 918 2438 poeta
935 2387 1086 2424 omnino
1116 2400 1279 2424 omnium
1306 2385 1431 2422 ditiffi·

124 2295 265 2344 affiaergit
283 2292 418 2333 dextra,
445 2287 597 2339 insurgit
615 2287 661 2324 ad
690 2286 744 2323 ic-

125 2356 202 2381 tum
237 2344 316 2381 ense
348 2341 591 2384 inferendum,
636 2352 745 2376 manu

124 2398 261 2433 elevata
277 2407 318 2431 ac
333 2394 491 2431 redueia.

180 2450 267 2485 302.
295 2451 396 2483 tebius
413 2447 567 2494 tenetse:
599 2441 664 2479 sub
682 2440 747 2478 cli-

125 2512 208 2550 peo,
235 2510 309 2548 quo
325 2496 464 2534 miffilia
480 2494 641 2545 excipit:
684 2492 745 2531 Sic

124 2552 200 2601 sup.
222 2550 276 2595 X,
291 2562 363 2597 412
369 2552 473 2600 seque
490 2551 526 2584 in
536 2550 607 2596 sua
624 2545 748 2595 collzgit

126 2618 240 2640 arma.
283 2600 332 2637 ci}
351 2600 457 2636 Iliad.
474 2618 502 2641 r,
529 2610 619 2648 405.
674 2600 746 2644 803

126 2655 203 2704 sqq.
222 2651 391 2703 praeclara
404 2648 651 2701 comparatio:
681 2660 746 2684 nec

128 2706 294 2742 Homero
322 2703 513 2754 quicquam
532 2701 569 2737 in
583 2712 624 2736 ea
641 2698 748 2736 debet

126 2756 331 2807 Virgilius:
374 2754 437 2791 etfi
461 2749 465 2753 ’
481 2750 618 2790 sandari
658 2751 746 2787 solet

127 2808 234 2845 Iliad.
253 2826 296 2852 μ,
321 2807 390 2857 156
408 2806 507 2856 sqq.;
535 2816 618 2840 nam
632 2801 746 2839 inillo

126 2860 210 2897 loco
240 2858 375 2895 diversa
395 2871 448 2896 res
465 2855 616 2907 geritur.
673 2853 745 2890 Sed

813 2452 890 2476 mus
909 2440 955 2475 est
973 2438 1028 2474 his
1047 2449 1338 2475 ornamentorum
1372 2449 1434 2472 co-

812 2490 894 2541 piis.
946 2492 1099 2541 diffugit,
1143 2490 1271 2526 aoristo
1306 2488 1432 2532 modo,

814 2552 853 2579 ut
873 2540 991 2578 toties.
1048 2546 1137 2591 805.
1157 2544 1243 2578 806.
1260 2550 1333 2576 tuta
1343 2554 1432 2583 arce,

810 2594 971 2636 latebris,
1016 2593 1172 2642 refugio,
1215 2604 1304 2627 cavo
1347 2591 1433 2641 ripae'

810 2646 867 2682 vel
885 2655 1002 2681 antro.
1059 2646 1145 2693 807.
1168 2647 1255 2680 808.
1282 2657 1431 2679 exercere

809 2699 894 2734 diem
905 2708 1010 2747 opere
1025 2694 1190 2731 faciendo
1205 2706 1213 2729 :
1242 2694 1432 2743 exquisite,

811 2761 891 2798 pro,
920 2746 1118 2785 exercendo
1152 2758 1261 2796 opere
1294 2745 1434 2781 transfi-

811 2812 896 2850 gere
914 2799 1036 2836 diem:
1083 2807 1121 2833 ut
1140 2798 1279 2833 nostem
1301 2796 1434 2845 produ-

813 2864 893 2889 cere
912 2863 1030 2892 coena.
1045 2849 1236 2886 extendere
1251 2848 1433 2892 sermone3
1471 2856 1473 2858 ·

1337 2898 1436 2937 diem
