1847 3313
396 252 814 320 AENEIDOS,
857 260 1016 313 ΜΒ.
1064 262 1183 312 xii.
1358 264 1454 328 657

139 396 241 445 Olli
262 411 348 460 per
370 395 557 460 galeam
576 395 674 442 fixo
697 394 825 442 stetit
840 393 968 442 hasta
988 396 1198 442 cerebro.

139 485 350 536 Dextera
372 500 460 531 nec
485 500 564 533 tua
587 497 648 542 te,
672 482 876 532 Graium
899 484 1158 542 fortiffime,
1184 484 1373 543 Creteu,

139 573 336 639 Eripuit
362 574 552 630 Turno;
591 590 676 622 nec
700 575 758 622 dI
781 588 935 622 texere
965 575 1267 639 Cupencum,

141 662 295 713 AEnea
316 664 551 721 veniente,
573 661 640 710 sui
662 685 677 718 ς
710 663 842 711 dedit
862 663 1004 710 obvia
1027 663 1150 710 ferro
1366 678 1462 726 540

140 750 367 801 Pectora:
404 768 490 800 nec
512 752 682 800 misero
705 753 848 816 clipei
873 769 1005 800 mora
1027 754 1209 817 profuit
1233 754 1363 804 aerei.

144 840 219 888 Te
241 857 430 905 quoque
454 841 710 888 Laurentes
733 840 968 897 viderunt,
993 839 1148 897 AEole,
1169 844 1329 905 campi

144 928 406 994 Oppetere‚
428 942 475 980 et
493 930 588 977 late
610 944 786 978 terram
804 930 1098 977 consternere
1119 942 1283 994 tergm

145 1019 358 1079 Occidis,
377 1020 573 1083 Argivae
591 1036 735 1084 quem
756 1035 850 1066 non
870 1032 1065 1082 potuere
1086 1021 1344 1085 phalanges
1371 1038 1465 1085 544

143 1111 374 1169 Sternere,
395 1127 480 1158 nec
509 1111 686 1158 Priami
704 1127 964 1174 regnorum
984 1113 1167 1159 eversor
1184 1113 1397 1159 Achilles
1417 1137 1429 1167 3

146 1198 248 1247 Hic
272 1199 362 1246 tibi
383 1199 548 1249 mortis
571 1211 699 1246 erant
723 1212 865 1247 metae
886 1222 898 1253 ;
935 1199 1104 1247 domus
1129 1201 1220 1248 alta
1240 1201 1325 1248 sub
1351 1202 1461 1257 Ida;

192 1338 268 1370 537.
285 1331 355 1374 fixa
380 1331 502 1372 aliquot
525 1330 624 1369 Pier.‚
649 1341 687 1362 ex
717 1329 964 1372 interpolatione
992 1343 1116 1370 corum,
1148 1333 1202 1374 qui
1222 1344 1286 1364 non
1303 1333 1466 1366 viderunt,

135 1379 204 1427 fixo
234 1380 296 1411 effe
327 1391 365 1412 ex
379 1380 510 1422 Virgilii
539 1391 629 1413 more
659 1391 717 1422 pro
746 1381 884 1423 transfixo
909 1381 1048 1414 cerebro.
1097 1384 1230 1424 Recepit
1263 1391 1369 1414 tamen
1391 1382 1463 1423 fixa

150 1431 368 1473 Cuningham.
458 1431 533 1470 538.
560 1433 670 1463 Rheteu
685 1430 738 1462 alii
754 1431 839 1473 apud
857 1431 999 1462 Pierium
1014 1447 1020 1466 ς
1043 1432 1097 1462 alii
1115 1435 1217 1470 Reteu,
1240 1434 1355 1470 Raeteu‚
1377 1432 1464 1473 quod

148 1482 224 1514 effet
240 1483 352 1518 Ρω-τεὺς,
370 1483 502 1520 Cretheu,
521 1484 618 1515 Cereu.
664 1484 764 1516 Creteu
782 1481 887 1513 statim
900 1494 918 1513 a
933 1483 1090 1525 principio
1107 1483 1242 1514 editum.
1287 1483 1465 1513 Praeferen-

149 1534 228 1565 dum
246 1541 353 1564 tamen
367 1533 418 1563 hic
431 1541 498 1564 erat
511 1535 645 1571 Cretheu,
660 1534 746 1575 quod
763 1535 861 1565 Rom.
881 1542 913 1566 et
931 1535 1050 1566 Medic.
1069 1542 1218 1572 tuentur3
1242 1542 1272 1565 et
1291 1534 1333 1564 est
1350 1542 1465 1565 notum

149 1593 268 1617 nomen
287 1584 428 1627 Κρηθεύςς
446 1584 526 1615 alius
539 1584 679 1625 ejusdem
695 1584 835 1615 nominis
849 1585 917 1626 jam
933 1585 998 1627 sup.
1019 1587 1079 1623 IX,
1096 1594 1158 1624 774
1174 1594 1239 1616 erat
1257 1594 1464 1615 memoratus.

149 1635 204 1666 Bis
230 1643 338 1667 autem
355 1639 487 1678 poetam
502 1637 615 1666 eodem
636 1636 765 1667 nomine
782 1636 829 1667 uti
845 1636 879 1666 in
900 1636 1131 1667 obscurioribus
1146 1637 1194 1667 his
1209 1636 1285 1667 viris
1307 1636 1385 1677 quid
1409 1647 1465 1666 ve-

148 1686 211 1721 tuit
226 1687 238 1716 ?
325 1696 401 1727 539.
424 1688 581 1730 Cupencum
607 1697 644 1717 ex
670 1686 794 1728 scriptis
809 1686 894 1718 Pier.
913 1695 944 1718 et
960 1687 1021 1718 suis
1037 1687 1174 1718 restituit
1192 1686 1351 1718 Heinsius.
1398 1689 1464 1718 Ac-

151 1738 235 1769 cedit
248 1739 388 1773 Servius;
415 1743 439 1758 ‘⁴
454 1740 533 1768 Sane
552 1737 726 1774 sciendum,
745 1738 934 1779 Cupencum
946 1738 1136 1768 Sabinorum
1148 1738 1257 1779 lingua
1268 1737 1463 1768 sacerdotem

147 1788 288 1820 vocari-’⁸
334 1789 387 1819 Est
409 1788 488 1819 adeo
512 1787 657 1819 Italicum
679 1798 820 1819 nomen:
845 1796 876 1819 et
894 1789 1024 1830 repetiit
1041 1788 1134 1819 Silius
1154 1790 1209 1825 IV,
1231 1797 1308 1827 537.
1353 1788 1464 1830 Vulgo

148 1842 303 1885 Cupentum
320 1839 508 1882 legebatur:
534 1840 694 1882 Tupcntum
713 1841 771 1872 Ed.
796 1851 844 1882 pr.
864 1842 974 1872 Burm.
1064 1849 1138 1879 541.
1163 1842 1250 1884 mfferi
1267 1839 1365 1871 Goth.
1383 1847 1462 1870 tert.

149 1895 217 1926 aeris
234 1893 329 1921 Rom.
345 1891 469 1923 Medic.
484 1898 516 1922 et
533 1890 586 1920 alii
605 1890 690 1921 Pier.
709 1898 741 1922 et
758 1890 882 1928 Heius„
904 1891 1075 1932 omnesque
1094 1891 1193 1922 Goth.
1213 1890 1281 1922 Erf.
1297 1902 1370 1921 cum
1386 1891 1459 1922 edd.

150 1950 229 1975 vett.
248 1949 279 1972 et
297 1941 400 1972 Schol.
421 1941 514 1971 Statii
529 1940 634 1971 Theb.
661 1942 685 1978 Ι,
714 1951 786 1974 102.
830 1942 956 1972 Erroris
973 1941 1072 1972 cauffa
1093 1942 1124 1972 in
1153 1949 1281 1984 promtu
1299 1944 1353 1973 est.
1396 1942 1465 1973 a’rei

151 1993 272 2025 leolum
288 1992 330 2023 est
345 1993 412 2033 jam
429 1991 501 2022 inde
518 1991 558 2021 ab
574 1991 651 2022 Ald.
668 2003 716 2034 pr.
806 2002 883 2031 542.
908 1996 1011 2036 campis
1029 1993 1317 2032 Me‹lic.——543.
1342 1994 1398 2024 lato
1413 2004 1461 2035 pr.

150 2043 272 2075 Hamb.
289 2050 320 2074 et
337 2044 413 2074 Exc.
434 2043 544 2073 Burm.
571 2053 644 2073 cum
661 2043 762 2074 Goth.
787 2043 861 2082 sem,
884 2043 987 2085 ficque
1003 2044 1080 2074 olim
1105 2044 1185 2085 conj.
1216 2043 1379 2074 Heinsius.-
1405 2046 1469 2075 mi-

149 2095 237 2129 nime
253 2093 465 2136 probandum.
509 2094 596 2123 Nam
612 2094 644 2123 τὸ
658 2094 715 2124 late
733 2093 887 2126 efficacius
899 2095 938 2125 ad
953 2094 1211 2136 magnitudinem
1228 2093 1465 2131 declarandam,

149 2154 182 2177 et
199 2152 285 2176 amat
300 2144 333 2175 id
348 2147 457 2186 poeta.
504 2152 592 2178 terrae
608 2145 691 2175 Ven.
780 2154 857 2184 545.
882 2146 979 2188 versor
995 2156 1044 2187 pr.
1065 2143 1182 2175 Hamb.
1226 2145 1343 2189 avezfir
1368 2146 1463 2179 Leid.

149 2241 257 2285 tedia,
275 2248 315 2277 ut
333 2238 383 2276 vs.
416 2238 469 2290 sq.
525 2253 612 2291 537.
630 2241 707 2289 fixo
736 2240 774 2278 h.

840 2240 1062 2278 observanda
1092 2240 1152 2277 est.
1222 2254 1270 2291 54
1246 2239 1310 2290 4.6
1340 2240 1466 2278 AEolus

150 2294 178 2331 l.
223 2290 410 2329 transfixo.
466 2294 552 2342 538,
599 2292 771 2329 Graecum

153 2344 286 2382 Cretea
322 2351 406 2392 puta
434 2342 535 2379 fuifl‘e
555 2356 598 2380 ex
619 2343 776 2380 Arcadi-

149 2395 230 2433 bus.
283 2393 447 2442 diisuis.
467 2395 635 2445 propitii,
655 2404 693 2430 ut
709 2395 775 2431 ali-

150 2445 214 2492 bi;
259 2444 333 2488 seu,
377 2458 531 2496 quorum
576 2459 614 2482 in
664 2447 775 2483 tutela

149 2507 253 2543 erat;
281 2497 357 2540 seu,
371 2496 470 2547 quod
485 2497 657 2547 suspicari
675 2497 776 2542 licet,

151 2550 252 2599 quod
270 2547 333 2585 ille
351 2547 511 2585 sacerdos
542 2559 632 2588 erat.
689 2562 776 2607 5432·

153 2603 353 2651 ἒναςγέςεςον
370 2613 442 2650 prae
459 2600 528 2637 hoc
543 2601 591 2638 est
606 2599 779 2638 Homeri-

151 2663 265 2689 cum.
309 2653 432 2689 πολλος
469 2655 572 2689 ἔκειτο
615 2669 668 2690 ’πα
671 2670 780 2703 ςηοςος

153 2703 233 2742 ἔνθα
264 2721 320 2742 και
356 2704 435 2741 ἔνθα
465 2702 573 2740 Iliad.
606 2723 640 2748 η,
691 2707 776 2755 156.

153 2754 197 2793 In
224 2764 299 2792 tota
317 2764 436 2792 autem
451 2754 654 2792 narratione
668 2755 737 2792 hac
756 2768 777 2791 a

155 2820 190 2849 ν
226 2808 299 2859 538
336 2805 481 2846 variatae
513 2807 688 2846 orationis
722 2819 778 2846 ars

840 2306 885 2330 ex
916 2292 1087 2340 Lyrneffo
1120 2291 1250 2340 Myfiae
1285 2292 1349 2327 sul)
1381 2292 1464 2336 Ida,

841 2358 911 2394 qua
944 2354 1041 2393 parte
1071 2344 1190 2394 postea
1220 2342 1335 2379 AEolis
1363 2344 1466 2393 regio

840 2394 983 2445 patuit.
1026 2395 1078 2431 cf.
1113 2394 1236 2432 Burm.
1271 2394 1318 2430 ad
1347 2394 1464 2434 Ovid.

841 2447 937 2485 Met.
969 2446 1065 2490 XII,
1107 2460 1193 2504 109,
1229 2454 1267 2482 ut
1296 2445 1463 2484 videatur

842 2503 949 2548 po'eta
968 2497 1128 2534 fabulam
1165 2498 1326 2547 ignotam
1354 2497 1464 2535 etiam

842 2551 879 2587 h.
915 2550 941 2587 1.
979 2549 1045 2586 ess'e
1085 2548 1262 2597 sequutuS.
1330 2548 1387 2585 Ex
1422 2561 1464 2586 ea

842 2611 946 2651 capta
981 2610 1058 2637 erat
1092 2599 1234 2641 Briseis,
1272 2598 1463 2650 Hippoda-

844 2653 930 2690 mia.
959 2658 1068 2689 mortis
1083 2661 1192 2694 metae,
1207 2650 1341 2688 Sardi-⁸
1358 2655 1465 2695 τέλος,

841 2705 898 2740 vel
917 2708 1068 2751 τέκμαςς
1094 2702 1349 2752 quatenusips‘i
1368 2716 1466 2740 mors

842 2768 908 2805 pro
927 2767 1020 2792 meta
1039 2755 1098 2790 cst.
1154 2754 1256 2790 Alias
1278 2754 1386 2791 etiam
1404 2762 1462 2791 ιιι·-

843 2818 891 2846 tae
908 2818 995 2846 meta
1015 2807 1104 2844 reete
1118 2804 1267 2844 dicitur.
1321 2806 1386 2842 llic
1403 2805 1467 2842 tibi

1371 2872 1463 2896 mme
