1847 3313
366 311 457 362 130
634 293 1140 345 EXCURSUS
1195 288 1370 340 ILIlI

366 429 422 467 nis
458 439 648 481 acceptam
679 438 804 467 narrat
834 428 900 466 lib.
926 427 958 470 I,
1000 439 1064 478 55,
1092 426 1191 476 quod
1211 425 1352 463 escensu
1373 423 1468 461 facio
1481 421 1520 459 in
1539 426 1677 471 magna

365 501 469 539 aquae
487 490 638 541 penuria
652 488 836 538 scaturigo
856 500 900 524 ex
921 487 994 524 solo
1013 485 1178 523 emicuit.
1235 485 1332 522 Fons
1364 482 1459 520 Solis
1492 481 1578 518 inde
1607 493 1675 529 ap-

365 549 496 599 pellari
530 549 658 599 coepit‚
686 561 769 586 cum
798 547 893 585 binis
926 546 996 583 aris
1032 543 1267 582 adstantibus,
1340 540 1454 579 Aliud
1488 540 1677 578 oraculum

369 608 554 659 Apollinis
587 607 778 657 Delphici,
807 617 847 644 ut
876 607 1012 644 AEneas
1037 604 1089 642 ibi
1116 603 1332 644 consideret,
1361 600 1425 638 ubi
1456 599 1531 637 duo
1562 598 1679 636 maria

365 668 574 711 inveniss‘et,
604 682 624 705 e
644 667 815 706 Domitio
834 667 931 718 apud
953 667 1055 703 Sext.
1074 665 1263 702 Aurelium
1282 663 1381 700 Vici.
1400 675 1431 699 c.
1460 674 1519 705 12,
1548 660 1608 698 sed
1623 660 1681 697 in-

364 729 487 772 dofte,
516 738 699 771 narratur,
727 741 811 765 nam
830 727 876 764 ad
895 726 968 763 duo
990 726 1113 776 stagna
1133 737 1235 774 aquae
1255 722 1346 760 salsae
1378 721 1416 758 in
1446 733 1540 770 agro
1573 720 1677 757 Lau-

367 798 471 826 rente
487 788 659 830 trahitur,
687 787 786 838 quod
815 787 861 824 ad
891 799 991 824 mare
1026 785 1220 822 Etruscum
1247 794 1284 820 et
1313 783 1455 819 Lacum
1476 778 1680 818 Ostiensem

368 848 602 886 referendum
621 856 725 890 erat3
771 856 811 883 ut
838 845 917 894 jam
945 834 1127 882 monitum
1155 842 1266 879 video
1285 853 1306 876 a
1327 837 1504 876 Cluverio
1529 851 1568 888 p.
1590 839 1681 875 882.

369 908 543 946 Tandem
562 909 739 946 ostentum
765 906 800 943 in
824 905 984 943 Lavinio
1004 902 1196 941 condenda
1229 901 1394 939 oblatum
1422 898 1523 950 ignis
1555 897 1684 948 sponte

369 969 506 1012 exorti,
533 969 656 1019 aquila
681 979 723 1004 ac
754 967 864 1016 vulpe
884 965 990 1015 super
1009 977 1054 1001 eo
1073 960 1397 1003 contendentibm,
1425 959 1542 996 multo
1562 957 1684 994 minus

371 1042 393 1066 a
420 1030 530 1078 poe'ta
550 1026 696 1065 trafiari
724 1025 858 1075 potuit.
915 1025 1018 1063 Nata
1044 1032 1081 1060 et
1107 1023 1185 1059 haec
1204 1020 1310 1058 anilis
1329 1019 1453 1056 fabula
1473 1018 1619 1055 videtur
1638 1029 1685 1053 ex

371 1089 482 1141 signis
502 1089 630 1140 aquilae
649 1097 685 1124 et
702 1086 780 1136 lupi
795 1085 833 1122 in
858 1085 939 1124 foro
955 1083 1106 1123 Lavinii
1125 1082 1266 1134 positis,
1294 1094 1374 1131 quae
1389 1078 1544 1130 Di0nys.
1574 1077 1686 1121 vidit,

369 1150 435 1189 lib.
459 1151 491 1192 I,
522 1163 583 1200 59.

427 1210 586 1248 Claffem
597 1206 849 1256 Trojanorum
865 1204 901 1242 in
915 1202 999 1253 ipsis
1012 1199 1163 1240 Tiberis
1176 1198 1273 1236 ostiis
1288 1197 1471 1236 incensam
1484 1210 1504 1235 a
1518 1195 1683 1235 mulieri-

372 1270 440 1308 bus
459 1269 549 1306 duce
570 1269 691 1306 Roma
706 1266 881 1317 quadam,
910 1261 1139 1300 tradiderant
1155 1259 1242 1296 olim
1256 1258 1451 1309 scriptores
1471 1258 1569 1308 apud
1587 1257 1683 1294 Dio-

374 1329 515 1378 nyfium
535 1329 570 1371 Ι,
599 1340 647 1378 72
688 1328 745 1376 (p.
769 1324 856 1375 58),
897 1322 935 1359 in
960 1334 1050 1372 quos
1082 1319 1262 1357 inciderat
1295 1319 1483 1368 Polyaenus
1521 1318 1686 1367 Stratag.

373 1390 491 1432 VIII,
522 1402 584 1440 25,
614 1400 652 1430 2,
679 1386 742 1423 ubi
761 1385 862 1422 idem
882 1382 1132 1430 Trojanarum
1154 1379 1347 1417 mulierum
1360 1378 1498 1416 facinus
1515 1377 1684 1428 exponit.
1726 1424 1730 1426 .

374 1450 427 1488 cf.
447 1450 493 1487 ad
508 1449 573 1486 lib.
593 1448 630 1485 V
645 1447 736 1485 Exc.
759 1446 831 1483 VI.
889 1443 1000 1494 Qod
1016 1452 1138 1479 autem
1158 1441 1276 1491 poe'tae
1295 1438 1462 1488 Thybris,
1489 1451 1562 1476 non
1581 1437 1688 1475 Tibe-

373 1515 425 1549 ris
451 1509 634 1550 scribitur,
662 1520 736 1557 qua
767 1506 812 1543 de
842 1518 881 1542 re
911 1515 988 1542 tam
1021 1502 1136 1540 multa
1169 1510 1387 1552 argutantur
1421 1498 1688 1542 Grammatici,

376 1569 466 1608 illud
480 1568 525 1605 ad
554 1566 774 1619 dignitatem
792 1564 937 1617 epicam
957 1563 1118 1614 spectare
1136 1571 1242 1611 puta,
1269 1572 1354 1596 cum
1386 1558 1506 1595 forma
1524 1557 1627 1596 vocis
1647 1558 1690 1597 fit

376 1629 499 1681 magis
515 1627 706 1666 recondita
727 1639 771 1664 ex
793 1624 934 1663 Graccis
949 1622 1070 1674 po'etis
1089 1630 1126 1658 et
1140 1619 1375 1671 scriptoribus
1394 1618 1581 1662 transsata,
1608 1617 1689 1669 qui-

377 1691 445 1730 bus
462 1692 613 1740 Θύμβξις
633 1698 670 1726 et
689 1690 810 1737 Θύβςις
826 1687 888 1730 est,
917 1686 1002 1723 sono
1020 1684 1103 1734 ipsis
1123 1682 1241 1733 magis
1260 1681 1509 1732 frequentato.

729 1758 1188 1802 EXCURSUS
1245 1759 1322 1795 III.

378 1831 454 1880 De
490 1833 679 1883 locorum,
727 1828 770 1869 iu
811 1839 901 1885 quae
933 1821 1109 1883 Trojuni
1140 1818 1339 1878 estensium
1362 1818 1526 1876 fecere,
1568 1819 1691 1876 filu.-

443 1905 621 1965 adeoque
656 1901 706 1945 de
736 1913 835 1959 agro
877 1895 1091 1941 Laurente
1123 1902 1162 1936 et
1196 1891 1324 1953 ‘froja
1362 1907 1485 1947 nova,
1518 1892 1692 1937 urbibus

446 1978 665 2027 Laurento
701 1981 742 2018 et
789 1970 990 2024 Lamum,
1026 1965 1221 2012 Numicio
1243 1966 1301 2024 fl.
1343 1962 1550 2022 Julurnae
1585 1964 1694 2020 lacu,

445 2061 488 2098 et
510 2050 612 2097 urbe
635 2047 746 2093 Alba
774 2044 934 2105 Longu.

433 2135 547 2173 Nunc
566 2135 606 2170 de
622 2131 777 2172 locorum,
805 2127 851 2165 ad
880 2138 959 2176 quae
987 2125 1049 2163 sex
1069 2123 1306 2175 posteriorum
1332 2120 1499 2158 AEneidis
1515 2121 1694 2159 librorum

375 2210 439 2236 ‘res
469 2193 647 2245 dispofitae
673 2191 768 2233 sunt,
782 2190 858 2240 fita
876 2185 1003 2238 paucis
1023 2184 1245 2226 videbimus,
1274 2192 1451 2233 quantum
1470 2181 1620 2232 quidem
1647 2180 1695 2218 ad

381 2255 575 2294 confilium
591 2252 749 2290 nostrum
769 2248 940 2286 conferre
960 2246 1077 2283 videri
1097 2244 1227 2295 potest.
1279 2244 1381 2280 Nam
1400 2241 1472 2279 alio
1492 2252 1528 2278 et
1542 2241 1602 2278 suo
1617 2253 1699 2278 mo-

383 2331 425 2357 re
445 2317 646 2355 tractarunt
660 2313 737 2349 haec
753 2308 951 2347 Cluverius
969 2307 1053 2345 Ital.
1071 2317 1144 2343 ant.
1162 2315 1198 2342 et
1217 2303 1378 2354 Vulpius
1396 2302 1510 2341 Latio
1528 2311 1605 2339 ant.

437 2374 642 2415 Escendiffe
661 2372 698 2410 T
702 2370 846 2420 rojanos
886 2369 933 2406 ad
962 2369 1061 2405 littus
1093 2365 1230 2403 ‘Tiberis
1266 2362 1428 2402 orientale
1462 2363 1563 2401 locus
1600 2362 1699 2405 VII,

386 2436 541 2490 29—-36
561 2434 694 2472 diserte
713 2432 836 2469 docet.
891 2431 993 2468 Nam
1013 2442 1058 2465 ex
1086 2426 1149 2464 illo
1169 2425 1274 2463 versu
1293 2424 1387 2466 VII,
1417 2436 1504 2473 241.
1533 2425 1698 2473 24zjus-

371 2502 483 2552 sisque
500 2493 690 2548 ingentibus
709 2502 807 2543 urget
829 2489 941 2540 Apollo
962 2487 1171 2538 ‘Uim-henum
1184 2489 1235 2523 ad
1247 2484 1410 2533 *Thybrim
1429 2495 1461 2521 et
1466 2487 1582 2534 fontis
1595 2485 1697 2520 vada

371 2563 486 2609 sacra
504 2558 655 2596 Numici,
684 2564 813 2604 parum
825 2549 929 2586 docte
946 2546 1135 2598 appulsum
1156 2544 1408 2594 Trojanorum
1427 2542 1474 2579 ad
1491 2541 1645 2580 Numici
1658 2541 1697 2578 fl.

387 2618 476 2656 ostia
490 2615 699 2655 transtulere
715 2607 895 2650 nonnulli,
922 2606 959 2643 in
980 2618 1139 2656 quorum
1165 2604 1325 2654 aliquem
1358 2601 1521 2640 incidisse
1551 2600 1700 2638 videtur

389 2679 576 2719 Zonaras,
602 2674 665 2725 qui
683 2671 778 2709 idern
799 2669 875 2706 fere
902 2667 1026 2704 tradit.
1083 2663 1155 2702 Sed
1181 2662 1399 2702 Numicium
1432 2661 1551 2713 posuit
1584 2661 1698 2698 Maro

381 2738 536 2789 *poetica
556 2735 696 2772 ratione
715 2729 865 2768 omnino
880 2726 926 2764 ad
946 2726 1137 2777 regionem
1157 2722 1432 2774 designandam.
1475 2722 1614 2760 Alveus
1637 2721 1700 2758 hic

390 2797 540 2834 Tiberis
556 2793 716 2844 processu
736 2787 912 2839 temporis
932 2785 1050 2823 arenis
1066 2785 1136 2822 fuit
1153 2784 1304 2821 obrutus
1322 2797 1331 2821 z
1361 2782 1477 2820 Rutil.
1504 2780 1635 2819 Itiner.
1667 2779 1702 2823 I,

386 2869 408 2896 5
420 2860 438 2894 Ξ
449 2869 462 2894 1
486 2858 615 2893 [ιε-τω
636 2851 949 2901 fnuccffsfluvius
968 2850 1110 2885 vitatur
1127 2847 1257 2889 arenis,
1282 2843 1435 2895 Hospitis
1452 2841 1574 2881 AEneae
1585 2839 1703 2892 gloria

1621 2897 1703 2946 ,lbla
