1847 3313
475 263 596 361 AD
649 305 1031 360 LIBRUM
1085 299 1206 357 XII.
1399 320 1504 374 717·

176 434 319 482 Vifior.
339 443 389 483 O.
409 443 462 483 G.
478 442 528 484 R.
552 457 612 494 13.
663 443 762 482 Cato
780 443 877 495 apud
900 442 1065 482 Servium
1081 444 1154 491 IV,
1183 444 1274 488 620,
1300 440 1364 480 etfi
1393 438 1498 478 locus

172 508 376 554 Corruptus·
431 504 650 554 Dionysium
664 504 853 555 exscripsit
872 503 1037 542 Zonaras
1055 504 1131 542 VII
1145 518 1201 556 pr.

226 563 352 616 Quum
377 575 497 603 autem
514 565 645 603 AEneas
664 565 740 615 post
758 564 881 602 Latini
894 564 1038 603 obitum
1056 564 1208 616 aliquod
1234 571 1374 612 tempus
1400 558 1498 597 solus

172 625 362 674 regnasset,
388 626 520 663 iterum
539 626 757 663 rebellarunt
777 624 924 670 Rutuli,
951 626 1101 663 affumto
1120 626 1160 664 in
1181 623 1268 662 belli
1286 621 1496 660 societatem

173 682 368 722 Mezentio
386 684 622 722 Etruscorum
651 696 748 735 rege.
801 678 1039 722 Commissum
1070 697 1144 722 non
1173 683 1281 734 longe
1299 694 1320 718 a
1338 678 1498 717 Lavinio

176 743 340 794 praelium
358 744 403 782 ad
423 743 646 784 Numicium
677 744 809 782 flumen
827 757 901 781 nox
919 743 1092 782 diremit:
1119 741 1335 779 desideratus
1350 738 1499 782 AEneaS,

172 801 232 839 seu
250 804 351 854 quod
368 802 477 841 caesus
509 802 569 840 seu
597 803 697 855 quod
716 802 864 841 flumine
882 802 1014 840 mersus
1029 803 1198 854 perierat,
1225 812 1314 839 mox
1345 812 1411 850 pro
1432 798 1498 835 he-

171 865 254 904 roe,
281 863 394 912 patris
412 863 474 902 dei
487 863 666 914 Indigetis
683 862 845 907 nornine,
871 862 946 900 coli
971 861 1098 913 coepit.
1152 860 1208 898 Eo
1232 860 1390 911 speOEtant
1406 858 1496 896 AEn.

170 922 206 968 I,
237 925 310 975 263
330 925 408 977 sqq.
441 926 531 963 dirae
550 925 710 963 Didonis
729 925 804 970 IV,
825 927 896 976 615
918 924 968 975 sq.
996 936 1031 962 et
1045 924 1146 974 Jovis
1163 922 1276 961 verba
1294 920 1390 966 XII,
1421 933 1499 972 794

170 982 359 1036 Indtgetem
374 986 523 1024 AEneam
529 989 598 1035 scis
610 990 681 1036 ipsa
696 989 958 1036 etscirefateris
975 983 1105 1022 Deberi
1115 983 1195 1022 caelo
1211 991 1283 1020 etc.

223 1042 281 1080 Ita
298 1043 477 1083 Ascanius
510 1045 674 1082 succedit
697 1045 736 1082 in
764 1057 890 1096 regnO.
943 1042 1090 1080 Obseffa
1119 1041 1203 1080 urbs
1222 1039 1417 1077 Lavinium
1447 1038 1497 1077 ab

168 1096 334 1141 Etruscis
350 1115 360 1140 ε
387 1104 448 1143 sed
461 1104 612 1142 solvitur
629 1104 769 1142 obsidio
786 1117 872 1142 mox
890 1102 963 1140 alio
976 1102 1101 1153 praelio
1118 1101 1229 1146 fusto,
1255 1112 1328 1150 quo
1343 1098 1496 1136 Mezen·

166 1159 242 1200 tius
261 1163 391 1209 vistus,
417 1164 507 1202 caeso
530 1164 609 1203 filio
624 1164 757 1209 Lauso,
785 1177 909 1216 pacem
925 1177 1010 1201 cum
1028 1161 1188 1200 Ascanio
1213 1159 1315 1198 facit.
1369 1157 1496 1196 Diser-

166 1219 241 1258 tius
261 1222 337 1261 haec
357 1232 497 1261 narrata
515 1238 534 1261 a
555 1223 709 1274 Dionys.
729 1224 764 1268 I,
801 1227 866 1273 64.
897 1226 919 1262 6
925 1236 961 1274 5.
1015 1222 1073 1259 Ex
1103 1221 1229 1274 priscis
1245 1218 1498 1271 scriptoribus,

168 1280 234 1334 qui
251 1281 332 1321 haec
360 1285 411 1322 ita
429 1284 666 1327 tradiderant,
696 1284 740 1322 L.
761 1283 880 1332 julius
898 1283 1020 1320 Caesar
1037 1283 1103 1320 lib.
1123 1282 1142 1319 Ι
1159 1293 1196 1320 et
1213 1283 1263 1320 A.
1295 1278 1496 1319 Postumius

168 1337 208 1382 in
222 1341 287 1380 lib.
301 1344 507 1382 &adventu
524 1345 658 1383 AEneae
675 1343 834 1388 fuerant,
862 1351 902 1380 ut
917 1355 961 1380 ex
981 1343 1132 1380 Vi&ore
1142 1342 1193 1381 O.
1210 1343 1263 1381 G.
1283 1341 1332 1379 R.
1358 1355 1399 1392 ¹5
1422 1338 1498 1376 dis-

167 1403 299 1442 cimus.
351 1402 478 1440 Avide
496 1414 615 1441 autem
633 1403 885 1454 cognoscimus
899 1416 955 1445 ea,
974 1417 1054 1454 quae
1070 1402 1287 1441 vetustissimi
1305 1402 1499 1451 scriptores

169 1461 228 1500 his
245 1463 293 1500 de
310 1461 413 1501 rebus
433 1463 683 1507 tradiderant3
730 1462 857 1501 Livius
891 1463 989 1500 enim
1017 1463 1054 1500 in
1085 1476 1216 1514 magna
1246 1461 1493 1500 narrationum

167 1521 375 1561 diverfitate
393 1532 532 1560 tantum
554 1536 662 1560 unam
688 1521 763 1561 fere
794 1522 966 1573 sequitur,
994 1536 1066 1559 non
1085 1523 1219 1573 semper
1235 1536 1279 1560 eo
1297 1536 1380 1560 cum
1392 1521 1496 1570 judi-

169 1581 247 1627 cio,
273 1595 360 1620 eave
378 1595 463 1620 cum
481 1582 694 1626 subtilitate,
723 1595 802 1633 quae
819 1597 913 1620 nunc
933 1597 952 1620 a
966 1582 1140 1634 scriptore
1159 1596 1276 1621 rerum
1295 1582 1494 1634 priscarum

173 1642 309 1693 requiri
322 1642 424 1680 solet.
479 1642 575 1695 Qae
601 1641 667 1679 alii
695 1640 837 1678 diversa
866 1643 1026 1687 tradant,
1052 1641 1270 1693 potiffimum
1291 1642 1367 1678 haec
1387 1641 1492 1679 sunt}

171 1701 295 1741 Etiam
314 1704 467 1740 alterum
480 1717 563 1742 cum
582 1702 727 1741 Rutulis
746 1703 880 1740 bellum
901 1702 1023 1739 Turni
1041 1701 1137 1740 odiis
1149 1713 1184 1740 et
1198 1702 1342 1740 confilis
1360 1702 1494 1739 tribui-

171 1772 232 1801 tur
260 1776 281 1800 a
299 1763 411 1801 Livio
425 1763 460 1808 1,
495 1779 533 1807 z,
560 1763 626 1815 qui
656 1762 694 1800 in
721 1762 864 1814 reliquis
897 1761 970 1799 fere
989 1775 1072 1800 cum
1092 1762 1273 1812 Dionysio
1290 1760 1496 1808 consentit3

172 1832 238 1860 nec
257 1821 460 1860 discesserat
487 1824 534 1861 ab
550 1836 593 1871 eo
611 1821 814 1874 Appianus‚
841 1831 1015 1872 quantum
1042 1834 1086 1858 ex
1113 1821 1294 1872 Excerpto
1315 1820 1493 1858 Photiano

173 1882 374 1933 intelligas,
428 1882 674 1926 Mezentium,
703 1894 821 1932 regem
842 1881 1010 1925 Etruriae‚
1040 1881 1242 1920 Caeretibus
1255 1879 1494 1930 tumimperi⁴

171 1949 312 1980 tantem
338 1941 485 1979 tradunt
516 1952 552 1980 et
579 1940 707 1979 Livius
733 1952 767 1978 et
787 1939 958 1990 Dionys„
986 1942 1030 1978 de
1049 1954 1121 1991 quo
1142 1954 1174 1977 v.
1197 1939 1348 1976 Excurs.
1369 1939 1426 1975 ΙΙΙ
1444 1939 1493 1977 ad

170 2000 348 2041 lib.VIII.
404 2003 508 2051 Eury
518 2004 689 2047 leontem,
718 2012 856 2039 mutato
876 1995 1024 2038 nomine
1039 2000 1236 2038 Ascanium
1256 2000 1404 2045 saelum,
1433 2001 1492 2039 seu

171 2062 318 2100 Creusae
341 2062 399 2100 seu
430 2062 597 2101 Laviniae
630 2062 660 2099 f.
688 2061 888 2104 succeffiffe,
919 2061 1106 2111 Appianus
1141 2062 1166 2098 l.
1196 2073 1230 2097 c.
1285 2060 1490 2098 Secundum

175 2120 326 2160 Livium
343 2121 378 2166 I,
410 2135 429 2170 3
451 2135 520 2172 pax
539 2121 634 2158 inter
652 2119 852 2157 Ascanium
871 2119 1172 2170 Mezentiumque
1190 2119 1244 2156 ita
1262 2129 1493 2163 convenerat,

171 2195 209 2222 ut
228 2183 373 2231 Etrzfscis
390 2183 584 2232 Latinffque
603 2183 739 2230 fluvias
770 2179 916 2223 Albula,
943 2195 1034 2231 quem
1063 2195 1150 2217 nunc
1184 2178 1330 2217 ‘Tiberim
1356 2190 1494 2224 vocant,

161 2244 248 2293 ‚finis
263 2244 350 2292 ffl-

226 2301 336 2339 Nihil
349 2300 434 2339 hinc
453 2300 492 2338 in
506 2299 719 2337 Latinorum
737 2299 838 2336 rebus
857 2298 1089 2336 memorabile
1105 2297 1280 2342 occurrit,
1307 2298 1371 2335 nisi
1391 2298 1489 2349 quod

168 2375 266 2400 anno
284 2375 304 2398 a
322 2361 473 2399 condito
493 2358 648 2397 Lavinio
663 2359 846 2409 trigesimo
861 2359 906 2395 ab
919 2359 1078 2396 Ascanio
1097 2359 1192 2395 Alba
1209 2358 1390 2401 conditur,
1407 2361 1489 2396 loco

170 2419 450 2472 opportuniore,
478 2432 586 2470 quam
621 2418 680 2455 cui
715 2417 910 2454 Lavinium
944 2416 1149 2468 impositum
1171 2417 1298 2455 fuerat.
1354 2417 1490 2456 Trans-

170 2482 285 2520 fertur
304 2480 341 2518 in
358 2493 438 2517 eam
457 2477 557 2529 regni
574 2476 669 2515 sedes
686 2490 695 2514 :
732 2493 934 2529 regnumque
960 2477 1004 2514 ab
1017 2478 1097 2526 ſs’de
1126 2477 1274 2514 Lavinl
1290 2475 1492 2528 Transfcrct

172 2554 203 2580 et
215 2541 348 2593 longam
362 2540 467 2579 multa
485 2546 529 2576 vi
545 2545 664 2576 muniet
684 2538 811 2576 Albam
829 2539 911 2574 [ΗΠ.
927 2537 960 2581 I,
993 2551 1080 2588 270.
1108 2552 1194 2587 271.
1250 2537 1401 2574 Mortuo
1421 2537 1489 2575 As·

171 2603 280 2641 canio
298 2599 458 2639 succedit
477 2599 611 2637 Silvius
632 2613 676 2636 ex
697 2599 851 2636 Lavinia
869 2599 1045 2650 susceptus
1065 2600 1203 2642 AEaooe,
1231 2598 1390 2638 hincoue
1409 2612 1490 2648 pro-

177 2662 278 2701 cedit
297 2660 400 2699 ser³es
420 2659 481 2697 illa
499 2671 623 2710 regum
642 2658 886 2702 Albanorum,
914 2672 1068 2709 quorum
1096 2672 1132 2695 nss
1150 2659 1242 2694 :nina
1270 2658 1326 2694 seu
1358 2658 1490 2695 tradita

171 2730 383 2772 acceperant
400 2719 473 2764 seu,
501 2729 540 2756 ut
559 2718 699 2756 CCCC
717 2731 892 2756 annorum
912 2719 1098 2756 decursum
1117 2718 1312 2767 explerent,
1327 2729 1370 2754 ex
1389 2728 1490 2768 parte

170 2783 296 2823 saltem
314 2780 524 2820 invenerant
556 2779 748 2831 scriptores
769 2778 927 2817 Romani
946 2778 1167 2821 vetustiores,
1193 2790 1236 2815 cx
1265 2776 1394 2829 quibus
1413 2778 1488 2815 haec

1357 2838 1493 2879 duxere
