1847 3313
406 252 825 311 AENEIDOS‚
872 253 1030 301 LIB.
1081 250 1174 301 XI.

1358 267 1445 317 525

136 384 292 444 Sidus,
327 399 372 434 et
412 387 645 434 Euboicae
682 397 857 442 cautes,
897 386 1119 448 ultorque
1157 384 1444 447 CaphereuS.

140 475 324 523 Militia
345 491 403 522 ex
426 475 506 521 illa
527 475 765 521 diversum
785 475 844 521 ad
864 475 974 521 litus
999 475 1165 532 adaCti,

1353 474 1440 521 261

137 571 330 619 Atrides
353 570 510 618 Protei
536 571 781 618 Menelaus
806 570 1011 633 adusque
1034 572 1280 618 columnas

140 659 367 714 Exsulat5
405 659 617 706 AEtnaeos
641 659 764 705 vidit
790 659 1020 721 Cyclopas
1046 661 1230 708 Ulixes.

142 747 308 811 Regna
330 745 640 808 Neoptolemi
664 745 879 805 referam,
902 748 1142 813 versosque
1166 750 1351 799 Penatis

187 891 264 926 260.
293 894 453 936 Caphereus
478 904 496 924 e
522 893 644 925 Medic.
673 900 705 924 et
731 893 800 924 aliis
821 894 933 925 Heius.
961 895 1106 937 recepit:
1145 897 1245 939 vulgo
1272 900 1450 942 Caphareus„

144 944 266 975 Eadem
282 945 418 975 varietas
443 952 474 976 et
500 943 586 975 alibi.
631 945 692 975 Sed
720 945 840 976 Graecis
866 945 909 976 est
934 948 1085 991 Kaeongsdg,

1177 951 1250 982 261.
1271 953 1365 983 almeti
1386 953 1454 993 plee-

143 997 234 1038 rique
249 995 341 1027 codd.
361 1002 393 1026 et
405 1002 486 1026 vett.
505 997 593 1034 edd„
614 996 707 1037 idque
718 1004 826 1027 tuetur
840 997 921 1028 Pier.
967 999 1074 1030 abactis
1092 1000 1237 1034 Parrhas.
1285 1008 1330 1033 At
1346 1004 1456 1039 adaffi,

143 1046 232 1090 quod
248 1045 321 1076 inde
337 1044 376 1076 ab
394 1045 471 1077 Ald.
489 1056 536 1086 pr.
560 1045 696 1083 editum,
712 1047 835 1078 Medic.
857 1058 929 1078 cum
946 1048 1014 1079 aliis
1035 1051 1207 1089 nonnullis,
1223 1054 1307 1084 unde
1319 1055 1452 1085 retraxit

145 1097 274 1134 Heins.,
296 1107 368 1127 cum
395 1097 429 1126 in
447 1097 556 1138 vulgg.
590 1098 661 1128 edd.
684 1097 816 1129 venisset
838 1100 934 1131 abath·
955 1111 992 1131 ex
1011 1101 1062 1133 ed.
1090 1103 1283 1137 Commelin.
1331 1105 1454 1137 Omisso

145 1151 188 1182 ad
203 1147 342 1180 Mentel.
361 1158 410 1190 pr.
428 1149 571 1191 diversum
585 1150 664 1180 littus
679 1151 787 1188 adaft'i,
805 1151 888 1193 quod
899 1160 991 1183 ornat
1002 1152 1161 1186 Heinsius.

145 1199 265 1232 Medic.
280 1209 299 1230 a
313 1209 356 1229 m.
374 1209 423 1241 pr.
442 1207 475 1230 et
491 1200 578 1232 Gud.

145 1323 200 1376 sq.
239 1327 327 1376 560.
384 1324 496 1363 Nihil
523 1324 639 1376 igitur
652 1325 771 1376 magis

148 1374 190 1414 in
207 1387 369 1426 promtu,
399 1390 507 1428 quam
527 1379 770 1428 tempestatem

147 1441 170 1465 a
205 1427 376 1465 Minerva
415 1440 637 1466 commotam
672 1431 770 1480 fidus

146 1480 328 1518 Minervae
360 1481 552 1530 appellare,
587 1481 688 1518 nullo
714 1494 767 1518 re-

148 1531 268 1583 speRu
287 1530 360 1568 alio
374 1532 514 1570 habito.
569 1533 659 1569 Sane
686 1533 766 1582 qui-

147 1583 232 1621 dem
265 1583 409 1620 Solinus
438 1596 471 1620 c.
502 1597 540 1621 11
576 1583 770 1633 Caphereus

141 1641 307 1686 prominet
338 1640 374 1671 in
409 1634 666 1684 Hellespontum,
712 1636 773 1672 ubl

141 1689 213 1736 post
231 1685 293 1723 Ilii
315 1687 477 1724 excidium
492 1688 668 1738 Argi-vam
685 1687 770 1736 clas-

135 1742 210 1788 fi’m
227 1737 291 1774 ‘vel
305 1737 484 1776 Minervae
498 1745 567 1783 ira,
585 1737 659 1782 vel,
686 1739 773 1788 quod

148 1796 264 1827 certior
270 1791 382 1839 prodit
394 1796 561 1834 memoria,
577 1791 673 1839 fidus
684 1789 770 1827 Arc-

148 1847 222 1878 turi
256 1840 431 1892 gra‘vibus
473 1845 585 1892 afficit
626 1835 768 1890 castbus.

153 1893 225 1929 Sed
238 1892 302 1929 sub
319 1891 465 1929 Arfturi
483 1903 602 1930 ortum
621 1905 695 1928 non
711 1892 768 1928 di-

149 1944 225 1981 lata
251 1944 300 1980 est
319 1943 548 1981 Achivorum
567 1943 769 1994 navigatio,

150 1993 286 2046 quippe
329 1996 444 2032 aestate
481 1995 597 2032 fafia:
644 2007 768 2032 verum

149 2046 217 2083 sub
251 2046 438 2084 etefiarum
467 2047 677 2097 aquilonum
708 2060 770 2084 or-

150 2105 242 2135 tum.
270 2110 306 2135 v.
326 2096 403 2148 sup.
436 2099 482 2135 ad
508 2097 575 2136 lib.
603 2097 662 2134 ΙΙΙ
695 2097 770 2135 Ex-

151 2147 245 2186 curs.
281 2147 321 2184 II
347 2162 400 2199 pr.
452 2149 600 2200 ultorque
637 2150 770 2199 Caphe—

151 2216 254 2245 reus;
299 2200 590 2250 promontorium
624 2199 772 2238 Euboeae

152 2251 271 2289 versus
303 2251 493 2296 orientem,
534 2253 550 2288 ὁ
582 2254 772 2302 Καφηςεὸς,

152 2312 300 2356 propter
313 2303 462 2340 latentia
492 2302 557 2340 sub
576 2305 673 2341 unda
691 2305 774 2342 saxa

151 2363 191 2391 et
225 2353 397 2400 vortices,
424 2354 604 2405 marisque
638 2356 774 2400 aestum,

151 2405 319 2456 inprimis
335 2405 525 2456 naufragia
557 2405 774 2444 Graecorum

153 2471 175 2495 a
195 2457 310 2507 Troja
342 2457 586 2502 redeuntium,
622 2458 774 2496 infame.

152 2507 244 2547 ultor
273 2508 425 2547 omnino
443 2517 562 2554 ornat,
590 2519 775 2560 tamquam

153 2558 405 2598 calamitosum
423 2560 562 2606 saxum,
592 2561 686 2598 nihil
701 2575 776 2600 am-

153 2611 265 2663 plius.

210 2662 298 2701 262.
327 2661 370 2699 In
382 2662 610 2713 sequentibus
622 2664 700 2702 noli
719 2663 775 2702 ni-

155 2713 225 2751 mis
254 2713 435 2752 subtiliter
462 2727 634 2765 quaerere,
678 2716 775 2755 unde

157 2764 358 2805 Diomedes
387 2766 428 2805 in
459 2766 560 2804 littus
594 2766 776 2807 Calabtiae

1253 1155 1327 1196 263.
1346 1158 1456 1190 Exolae

831 1327 963 1377 ejectus
998 1328 1074 1367 haec
1109 1331 1231 1369 omnia
1266 1332 1453 1371 resciscere

830 1380 1002 1430 potuerit.
1083 1381 1204 1421 Poetae
1243 1384 1330 1421 licet
1374 1385 1449 1422 haec

832 1431 969 1468 sumere
988 1445 1029 1468 ac
1047 1447 1195 1484 ponere.
1249 1436 1324 1473 Etfi
1339 1435 1454 1473 faten-

831 1483 919 1520 dum
938 1484 1000 1528 est,
1020 1486 1116 1536 apud
1137 1486 1342 1525 Homerum
1356 1487 1452 1524 Nes-

833 1543 947 1570 torem
984 1544 1020 1571 et
1063 1537 1273 1576 Menelaum
1313 1539 1456 1576 cautius

834 1599 947 1636 pauca
967 1588 1104 1636 eloqui,
1134 1603 1216 1627 cum
1236 1592 1281 1628 de
1297 1590 1380 1627 fatis
1400 1604 1454 1627 re-

832 1637 1020 1674 deuntium
1050 1641 1256 1689 quaefiviss'et
1284 1643 1454 1679 Telema-

831 1688 932 1726 chus.
986 1692 1118 1729 Atriaks
1146 1689 1360 1731 Menelaus:
1405 1695 1453 1732 de

833 1742 935 1789 cujus
953 1744 1134 1781 erroribus
1147 1759 1181 1782 v.
1203 1745 1329 1795 Odyff.
1350 1746 1381 1788 ὃ,
1404 1748 1447 1784 81

832 1791 908 1842 sqq.
940 1806 1007 1843 351
1041 1794 1116 1844 sqq.
1169 1799 1331 1849 adusque
1345 1799 1460 1835 Protei

832 1843 1022 1887 columma-3
1068 1849 1217 1884 novavit
1242 1850 1364 1899 paullo
1391 1863 1455 1886 au-

833 1894 958 1931 dacius
971 1900 1081 1945 poe'ta
1095 1911 1160 1948 pro
1173 1900 1303 1937 finibus
1320 1902 1454 1951 AEgyp-

833 1946 888 1989 ti;
917 1959 998 1983 narn
1033 1947 1178 1987 Proteus
1215 1953 1260 1988 ad
1298 1951 1453 1989 Pharum

832 1997 983 2035 insulam
1014 2000 1159 2049 agebat,
1193 2014 1232 2039 ut
1259 2015 1302 2040 ex
1322 2003 1452 2052 Odyff.

833 2049 858 2086 l.
881 2063 914 2087 e.
954 2063 1041 2100 35¹·
1069 2066 1144 2103 354
1172 2053 1252 2091 satis
1283 2056 1451 2092 constat:

835 2100 911 2143 sed,
933 2112 974 2138 ut
995 2104 1130 2151 majore
1157 2104 1318 2143 animum
1342 2107 1455 2156 phan-

835 2152 983 2189 tasmate
1023 2165 1238 2204 percuteret,
1291 2159 1455 2197 columnas

836 2203 933 2241 dixit
955 2206 1079 2251 Protei,
1109 2218 1146 2244 ut
1164 2219 1340 2246 extremas
1354 2219 1456 2246 terrae

837 2256 960 2306 plagas
996 2258 1237 2307 fignificaret3
1283 2262 1456 2310 quemad-

838 2309 986 2345 modum
1015 2312 1168 2348 Herculis
1198 2312 1364 2350 columnas
1390 2326 1454 2349 ex-

838 2367 967 2396 tremas
986 2361 1104 2398 versus
1129 2363 1356 2401 occidentem
1384 2374 1454 2401 ter-

837 2420 891 2446 ras
925 2411 1046 2449 dicere
1077 2426 1152 2451 mos
1183 2416 1242 2451 est.
1300 2415 1418 2453 exulat
1437 2428 1452 2451 :

837 2460 952 2512 fimpl.
973 2473 1078 2500 errat.
1122 2466 1221 2502 Male
1236 2467 1340 2504 aliter
1355 2466 1454 2505 Serv.

838 2511 976 2552 Cei-da.
1034 2516 1120 2565 264.
1160 2518 1281 2569 Regna
1311 2519 1455 2568 Neopto-

835 2562 922 2603 lemi.
980 2564 1130 2605 Novum
1149 2581 1298 2618 regnum
1330 2569 1456 2618 Pyrrhi

839 2613 879 2651 in
898 2615 1011 2667 Epiro
1026 2631 1060 2654 v.
1078 2618 1152 2669 sup.
1172 2620 1244 2664 ΠΙ,
1266 2622 1350 2671 296.
1367 2633 1454 2672 319·

838 2672 950 2717 versos
963 2679 1097 2717 penales
1118 2672 1288 2709 Idomenei
1299 2672 1456 2709 eversam

839 2719 989 2756 domum
1023 2730 1059 2757 et
1089 2735 1252 2773 regnum.
1280 2723 1355 2760 vid.
1377 2723 1456 2773 sup.

839 2766 907 2809 lib2·
928 2769 999 2816 HJ,
1029 2784 1091 2811 121
1126 2774 1202 2825 sqq.
1231 2773 1357 2827 ibique
1374 2775 1455 2812 No-

1369 2839 1460 2865 tam„
