1847 3313
387 246 796 308 AENEIDOS,
851 248 999 297 LIB.
1050 251 1143 299 XI.

1312 269 1399 317 531

98 379 283 430 Bellum
307 383 633 447 inportunum,
657 383 798 439 cives,
823 399 935 429 cum
958 396 1098 446 gente
1122 384 1320 430 deorum

95 470 380 536 Inviotisque
402 474 513 520 viris
537 475 762 536 gerimus,
786 489 901 535 quos
923 474 1051 520 nulla
1071 474 1271 536 fatigant
1306 475 1400 536 306

93 559 286 620 Proelia,
311 579 394 610 nec
414 564 527 610 vieti
551 564 737 627 poffunt
759 564 972 611 abfistere
996 564 1132 613 ferro.

93 654 254 715 Spem,
273 655 305 700 fi
322 672 465 718 quam
484 655 673 702 adscitis
693 654 908 702 AEtolum
927 656 1151 702 habuistis
1176 655 1224 701 in
1243 654 1400 713 armis,

94 745 294 804 Ponite3
331 748 434 810 spes
459 747 544 793 fibi
567 746 780 810 quisque.
851 748 941 794 Sed
977 749 1096 806 haec,
1134 765 1278 812 quam
1312 765 1400 796 an-

285 837 432 899 gusta,
468 836 652 883 videtis.

90 927 257 974 Cetera
279 944 369 990 qua
393 943 553 973 rerum
567 926 757 990 jaceant
782 925 994 988 perculsa
1019 928 1168 985 ruina,
1303 943 1398 990 310

132 1040 205 1079 306.
228 1041 392 1085 Injustisque
415 1039 519 1071 Goth.
533 1047 771 1080 tert.—-307.
802 1050 837 1084 p.
869 1043 997 1074 decedere
1020 1042 1187 1085 Oblongus
1205 1043 1287 1075 Pier.
1329 1045 1399 1076 bello

88 1091 186 1123 Goth.
219 1100 294 1125 tert.
331 1100 362 1123 et
386 1093 492 1121 Areon
522 1091 561 1121 ad
590 1093 866 1131 Horat.———308.
901 1093 1009 1137 adscitis
1044 1105 1060 1124 e
1090 1096 1187 1126 Rom.
1213 1095 1330 1126 Medic.
1364 1103 1398 1127 et

86 1142 208 1173 caetexis
232 1142 504 1184 praestantioribus
532 1141 681 1172 Heinsius
696 1143 848 1183 reposuit,
873 1154 931 1185 pro
957 1143 1046 1186 vulg.
1071 1147 1177 1176 accitis.
1212 1146 1252 1177 cf.
1277 1146 1332 1177 inf.
1364 1158 1397 1178 v.

82 1203 159 1234 473.
174 1197 249 1233 XII,
272 1196 312 1235 38
327 1204 490 1235 ——309.
511 1196 643 1225 Veteres
661 1195 871 1226 Grammatici
890 1196 1027 1233 Servius,
1039 1197 1197 1233 Donatus,
1209 1198 1397 1239 Priscianus,

85 1246 266 1278 Marcianus
292 1246 423 1288 Capella
448 1246 639 1276 distinxere:
671 1247 770 1277 Ponite
784 1248 848 1289 spes
861 1248 919 1288 fibi
951 1249 1090 1290 quisque:
1126 1257 1161 1279 ut
1185 1249 1233 1287 fit,
1255 1251 1392 1293 deponite.

85 1299 144 1329 Sed
161 1300 275 1331 melior
290 1299 506 1340 interpunftio
530 1299 597 1340 jam
621 1299 796 1339 antiquitus
810 1299 948 1330 obtinuit
963 1311 970 1330 z
1007 1311 1064 1330 nec
1081 1300 1173 1331 aliter
1192 1303 1396 1342 Apronianus

83 1350 232 1389 instituit,
260 1352 354 1392 idque
383 1350 558 1391 sequuntur
584 1356 662 1381 vett.
685 1350 755 1380 edd.
805 1351 901 1393 Qod
923 1349 1024 1381 facere
1040 1351 1165 1392 praestat
1182 1353 1277 1383 etiam
1295 1364 1395 1395 prop-

83 1409 181 1440 terea,
196 1411 232 1433 ut
246 1403 342 1433 breve
361 1410 489 1442 tempus
505 1400 623 1431 constet
650 1400 771 1431 ultimae
786 1401 817 1431 in
834 1404 927 1444 ponite
940 1414 950 1432 :
983 1401 1139 1442 disjuneffa
1154 1413 1243 1440 voce,
1267 1404 1316 1433 cui
1335 1405 1394 1435 du-

81 1453 154 1495 plex
170 1455 304 1485 consona
319 1453 448 1484 initium
465 1452 565 1490 facit3
603 1452 863 1493 quandoquidem
891 1452 949 1482 hoc
973 1453 1101 1483 unicum
1135 1454 1179 1484 est
1209 1455 1393 1496 exemplum

82 1504 192 1535 fimilis
222 1505 340 1546 positus
377 1504 551 1534 verborum
578 1510 609 1533 et
646 1502 772 1543 syllabae
800 1503 904 1533 brevis
930 1511 1002 1534 ante
1037 1505 1197 1545 duplicem
1221 1506 1393 1538 consonam

81 1555 175 1597 hujus
191 1564 324 1588 naturae.
373 1555 544 1585 Horatium
560 1554 665 1585 minus
681 1554 798 1584 castum
817 1561 848 1585 et
865 1554 1048 1595 religiosum
1067 1555 1124 1585 effe
1136 1556 1168 1586 in
1183 1556 1392 1589 collocatione

80 1606 138 1637 hac
151 1607 323 1638 verborum
333 1607 473 1644 vitanda,
486 1606 551 1647 jam
564 1605 602 1636 ab
620 1605 689 1636 aliis
701 1605 743 1636 est
756 1605 968 1636 observatum.
1014 1607 1160 1637 Occurrit
1173 1609 1257 1649 apud
1272 1608 1363 1640 illum
1378 1620 1389 1641 τ

77 1658 162 1689 olente
186 1661 213 1690 in
234 1658 348 1700 fornice
367 1658 490 1699 stantem
514 1658 528 1686 1
548 1658 647 1687 Serm.
674 1665 706 1694 2,
726 1666 778 1694 30.
833 1657 1015 1700 velatumque
1043 1658 1117 1700 stola
1146 1668 1177 1690 v.
1207 1668 1257 1697 71.
1305 1661 1391 1704 Saepe

69 1708 166 1750 stilum
184 1720 283 1741 vertas
308 1711 333 1746 1,
357 1718 409 1746 10,
434 1717 485 1747 72.
532 1709 619 1739 Ante
642 1720 680 1738 ‹rn
703 1718 761 1738 nec
784 1709 944 1739 Homerus
959 1709 1090 1740 brevem
1117 1709 1241 1741 servare
1265 1712 1391 1744 dubita-

78 1759 136 1797 vit,
158 1767 193 1791 ut
216 1762 239 1791 ἐν
262 1761 371 1799 λειμῶνι
395 1758 590 1802 Σκαμανδξίῳ.
639 1758 801 1789 Dawefius
826 1759 915 1789 Misc.
943 1759 1012 1790 crit.
1038 1770 1109 1801 pag.
1134 1770 1155 1797 4
1178 1760 1389 1796 immutatum

77 1810 223 1843 volebat:
248 1814 369 1843 Ponite:
399 1811 513 1854 quisque
529 1811 588 1852 fibi
606 1811 681 1854 spes.
726 1809 814 1840 Alias
830 1810 970 1851 argutias
981 1811 1192 1842 Metricorum
1210 1813 1284 1843 nolo
1298 1824 1390 1856 repe-

77 1868 164 1892 tere:
189 1862 310 1900 videat,
333 1861 389 1903 qui
402 1861 500 1898 volet,
527 1860 662 1892 Dorvill.
686 1861 725 1892 ad
742 1860 909 1893 Chariton.
936 1872 968 1902 p.
998 1861 1070 1899 184.
1118 1863 1235 1894 Melius
1246 1865 1389 1906 Burgeff.

76 1914 119 1945 V.
146 1914 184 1944 C.
208 1913 246 1944 ad
264 1915 380 1944 Dawes
401 1923 433 1953 p.
460 1912 479 1943 6
503 1911 587 1954 [imo
605 1911 767 1943 Dawefius
789 1912 902 1953 ipsein
918 1912 1001 1943 curis
1026 1913 1185 1958 secundis]
1218 1915 1388 1955 divinavit,

76 1964 159 1995 male
183 1963 362 2005 suppletum
385 1961 444 1992 effe
469 1962 605 2000 versum,
630 1973 702 1993 curn
716 1967 815 2004 poeta
829 1970 957 1994 tantum
979 1964 1167 2005 apposuisset
1183 1968 1294 1997 Ponite.
1344 1970 1386 1999 Et

74 2016 135 2046 hoc
151 2014 343 2045 verissimum
433 2023 507 2052 310.
523 2016 622 2045 cetera
637 2026 702 2057 quae
719 2014 816 2045 codex
827 2025 876 2057 ap.
891 2014 976 2047 Pier.
1015 2018 1145 2059 perczffl
1161 2016 1281 2058 aliquot
1297 2018 1387 2055 Pier4

74 2074 108 2097 et
130 2066 306 2103 Heinfiani,
330 2073 362 2096 et
378 2066 477 2096 Goth.
503 2073 576 2097 tert.

73 2152 197 2201 afficiet
215 2153 316 2200 hsstss.
371 2151 492 2189 Facile
518 2152 694 2202 intelligi-

74 2213 146 2247 tur,
177 2203 357 2240 rhetorico
389 2216 488 2240 more
518 2204 586 2240 hoc
616 2203 691 2241 dici

759 2151 1385 2210 expectare.Pe1-01t1ndesed

759 2204 834 2240 haec
866 2203 942 2254 ipsa
973 2203 1061 2254 spes,
1103 2218 1210 2255 quam
1248 2205 1286 2241 in
1324 2205 1385 2242 sua

72 2254 219 2296 fafhnm,
253 2254 352 2303 quod
379 2254 562 2292 minantur
596 2255 632 2291 Ἴ
636 2268 692 2292 ro-

69 2306 144 2355 jani
157 2306 286 2342 facere.
332 2318 418 2356 305.
433 2322 490 2356 ges
479 2317 532 2343 me
545 2308 690 2350 deorum,

73 2359 110 2395 σέ
110 2378 127 2396 'l
145 2375 206 2395 ⁷52
212 2375 250 2394 σι
269 2356 370 2394 ῠεων.
417 2357 545 2394 AEnea.
601 2371 688 2408 3047

70 2409 213 2447 Vocant
228 2409 296 2445 huc
311 2408 549 2445 Homericum
566 2411 689 2459 μάχης

70 2464 221 2511 ἆκόξητοι
247 2460 352 2497 Iliad.
373 2479 400 2502 ν,
430 2460 564 2510 639.υ
566 2475 685 2511 ‚.117

66 2515 190 2564 pffmt
208 2511 355 2561 abststere
374 2511 401 2548 s.
420 2511 521 2560 simp
538 2525 604 2561 pro
626 2512 689 2548 ab-

68 2564 203 2607 sistunt,
231 2563 261 2600 s.
288 2575 353 2613 pro
377 2574 446 2598 non
465 2562 605 2612 poffunt
621 2562 687 2600 fibi

69 2624 279 2661 temperare,
297 2626 339 2650 ne
357 2613 540 2651 rebellent.
596 2627 684 2665 309.

68 2665 180 2702 Nunc
200 2676 490 2715 unumquemque
507 2665 544 2701 in
559 2664 593 2702 se
606 2678 685 2702 om-

67 2730 149 2753 nem
168 2716 262 2767 spem
280 2715 465 2773 repofitam
481 2715 608 2754 habere
622 2729 684 2753 ne-

67 2768 155 2806 ceffe
187 2768 258 2804 est:
288 2779 361 2804 non
393 2766 547 2806 alienam
577 2781 683 2818 opem

759 2255 912 2305 quisque
945 2256 1080 2292 virtute
1120 2256 1221 2292 fitam
1257 2256 1384 2300 habet,

757 2319 864 2355 quam
881 2306 921 2342 fit
938 2306 1071 2357 exigua
1090 2306 1233 2343 videtis.
1283 2309 1382 2345 Nam

758 2357 896 2408 reliqua
927 2371 1064 2402 omnia,
1108 2371 1217 2407 quam
1253 2359 1382 2396 afflieta

757 2408 837 2452 fint,
852 2418 935 2445 ante
949 2410 1073 2446 oculos
1090 2419 1126 2446 et
1145 2409 1239 2445 inter
1253 2423 1380 2446 manus

755 2460 880 2496 vestras
896 2461 941 2496 est
960 2474 968 2497 :
998 2460 1035 2498 h.
1064 2459 1179 2496 oculis
1198 2460 1381 2497 manibus-

754 2523 824 2560 que
866 2511 1013 2555 tenetis,
1060 2520 1244 2560 tamquam
1277 2512 1379 2561 quod

752 2562 982 2599 certiffimum
1001 2563 1074 2600 est:
1116 2561 1261 2606 Graece,
1295 2565 1380 2612 «πςό-

753 2630 811 2662 χε
815 2616 862 2663 ξόν
880 2617 941 2655 ἔςι.
999 2616 1162 2657 Caetera3
1193 2611 1282 2650 bene
1296 2613 1378 2651 Ser-

751 2665 859 2701 vius:
889 2664 1052 2702 absolute
1081 2642 1193 2707 dixit,
1234 2663 1273 2700 id
1296 2666 1374 2703 est:

750 2714 1376 2773 exercitum,auxilia3vxreS1mpe..

750 2766 809 2805 rii.
863 2767 1011 2807 Scilicet
1042 2765 1166 2817 copias
1196 2764 1374 2818 intelligit

803 2817 866 2855 L1
894 2830 915 2856 z
1324 2818 1372 2856 acl
