1847 3313
417 287 512 335 330

625 271 680 318 P.
717 268 1092 318 VIRGILII
1143 271 1532 322 MARONIS

420 403 552 467 Qin
578 403 675 466 ipsa
691 402 886 450 adreffis
915 403 1036 464 (visu
1059 404 1345 463 miserabile)
1372 408 1419 453 in
1448 409 1587 455 hastis
1635 411 1694 470 46
1704 427 1737 473 5*

419 494 682 557 Praefigunt
706 494 877 556 capita,
912 504 959 539 et
983 494 1138 541 multo
1161 495 1368 543 clamore
1384 496 1653 560 sequuntur,

421 585 615 648 Euryali
640 596 686 630 et
706 583 828 631 Nifi.

419 675 649 724 AEneadae
673 675 779 722 duri
796 689 1042 721 murorum
1058 675 1107 721 in
1124 687 1258 736 parte
1283 675 1462 721 finistra

420 765 699 829 Opposuere
715 765 867 812 aciem
893 764 1026 830 (nam
1049 765 1242 833 dextera
1264 765 1476 829 cingitur
1496 765 1666 823 amni),

418 855 727 919 Ingentisque
751 866 912 902 tenent
935 854 1086 913 foffas,
1120 867 1168 903 et
1189 857 1395 903 turribus
1417 857 1522 902 altis

421 947 557 994 Stant
579 945 760 993 maesti:

1637 869 1733 916 470

798 945 936 994 fimul
960 962 1041 993 ora
1061 946 1216 994 virum
1236 948 1434 1010 praefixa
1459 946 1732 1004 movebant,

419 1036 552 1085 Nota
572 1037 714 1083 nimis
738 1036 934 1094 miseris,
967 1049 1162 1101 atroque
1186 1037 1377 1085 fluentia
1394 1037 1521 1086 tabo.

422 1129 606 1176 Interea
622 1128 847 1192 pavidam
870 1128 1070 1176 volitans
1093 1130 1299 1193 pennata
1313 1146 1399 1193 per
1420 1129 1587 1176 urbem

422 1220 607 1268 Nuntia
631 1219 777 1266 Fama
799 1219 909 1276 ruit,
947 1219 1201 1282 matrisque
1225 1219 1461 1266 adlabitur
1483 1219 1606 1265 auris

421 1309 636 1372 Euryali.

424 1455 475 1488 que
485 1445 549 1491 suos
578 1446 718 1487 variisque
737 1451 836 1476 acuunt
851 1446 1006 1476 rumoribus

707 1309 776 1356 At
808 1307 988 1355 subitus
1023 1307 1207 1355 miserae
1231 1308 1363 1355 calor
1395 1307 1490 1354 offa
1522 1308 1730 1371 reliquit.

1021 1447 1090 1477 iras.
1139 1446 1289 1489 Qatuor
1308 1446 1554 1478 Burmannianis
1575 1445 1687 1487 copula
1703 1443 1736 1475 in

423 1498 561 1541 varirsque
575 1497 670 1529 abest.
713 1497 855 1542 variosque
870 1496 930 1527 sec.
948 1497 1102 1529 Rottend.
1149 1510 1269 1529 rumores
1285 1502 1385 1540 poem
1402 1499 1495 1529 doste
1520 1509 1579 1540 pro
1601 1497 1737 1528 hortati-

424 1549 483 1582 bus
503 1547 615 1579 dixiffe
641 1547 779 1579 videtur.

871 1547 943 1586 465.
965 1548 1017 1590 'ff
1028 1549 1113 1580 Ven.
1159 1549 1286 1579 mirabile
1311 1548 1406 1579 multi
1431 1549 1540 1579 Heins.
1570 1558 1608 1578 ex
1631 1558 1733 1580 more.

512 1599 586 1639 467.
609 1601 664 1630 An
675 1599 736 1629 hoc
751 1598 987 1629 hemistichium
1011 1610 1048 1630 ex
1064 1599 1350 1642 interpretamento
1367 1600 1399 1630 in
1415 1599 1560 1641 margine
1581 1598 1738 1639 adscripto

423 1651 595 1684 subiratum
608 1650 619 1683 ?
654 1650 724 1694 [Sic
741 1650 844 1681 censet
864 1650 976 1681 anastor
991 1650 1077 1689 libri,
1096 1651 1146 1683 cui
1162 1651 1284 1690 titulus,
1295 1653 1408 1684 Lettres
1421 1652 1454 1689 de
1469 1652 1600 1694 quelques
1616 1651 1705 1693 Juifs
1717 1650 1738 1680 ἂ

425 1705 480 1735 M.
495 1703 650 1747 Voltaire]
740 1702 816 1740 468.
840 1705 868 1733 in
880 1702 964 1734 abest
977 1704 1073 1735 Rom.
1094 1711 1126 1735 et
1137 1703 1220 1734 binis
1231 1703 1547 1744 Rottend.——469.
1566 1715 1629 1732 nam
1641 1704 1740 1732 dextra

425 1755 608 1796 agnoscitur
620 1753 779 1785 Prisciauo
790 1753 844 1784 lib.
858 1755 932 1793 V11,
954 1762 985 1786 et
1002 1754 1040 1786 fic
1054 1754 1155 1786 Goth.
1170 1765 1218 1796 pr.
1265 1756 1326 1786 Sed
1337 1754 1480 1787 defendit
1496 1752 1739 1784 alterumlibro-

424 1819 499 1842 rum
515 1807 688 1838 auetoritas
705 1818 755 1849 ap.
774 1807 882 1838 Heins.
928 1820 991 1838 nam
1012 1815 1100 1840 cetera
1123 1808 1223 1840 Goth.
1242 1815 1318 1839 tert.
1364 1821 1442 1838 amne
1464 1808 1735 1848 Sp1·ot.——471.

425 1859 568 1888 movebant
584 1857 693 1888 Heius.
706 1868 721 1888 e
734 1857 795 1888 suis
808 1865 839 1888 et
854 1858 1004 1889 Pierianis
1013 1858 1160 1891 restituit.
1206 1860 1345 1889 monebant
1361 1869 1410 1900 pr.
1432 1858 1552 1891 Hamb.
1580 1868 1639 1898 pro
1666 1868 1734 1890 var.

425 1910 503 1943 lmst.
544 1909 655 1951 Vulgo
671 1916 743 1940 ante
756 1909 863 1940 Heins.
875 1909 995 1941 lustum
1011 1911 1154 1948 videbant3
1179 1910 1313 1941 dederat
1331 1917 1438 1940 tamen
1454 1922 1494 1938 mo

1497 1909 1593 1938 vehant
1609 1909 1738 1950 Nauge-

425 1962 492 1993 rius
507 1961 539 1991 in
552 1960 623 1992 Ald.
638 1968 714 1991 tert.
733 1968 765 1992 et
783 1972 819 1992 ex
830 1972 867 1992 eo
879 1961 942 1994 alii.
975 1963 1052 2004 stmu
1053 1963 1133 2003 lpro
1152 1962 1264 2004 copula
1279 1961 1337 1992 est:
1364 1972 1420 1991 nec
1433 1962 1484 1990 Sta
1486 1964 1571 2002 nt—
1569 1961 1623 1989 ium
1607 1962 1675 1990 ulae
1662 1964 1739 1991 cvi-

425 2013 523 2043 debant
539 2011 674 2042 latinum
687 2010 773 2043 esset.

864 2022 942 2051 472.
968 2014 1048 2043 Nota
1059 2016 1107 2042 mi,

425 2064 487 2096 dic.
500 2070 530 2093 et
548 2062 633 2095 Gud.
654 2073 727 2093 cum
742 2065 859 2101 Rom.;
884 2074 915 2094 et
932 2063 972 2094 fic
993 2064 1130 2095 Servius.

1116 2013 1214 2044 zs.sec
1234 2013 1334 2044 Goth

1219 2073 1292 2103 474·
1316 2065 1351 2094 F

1422 2013 1739 2053 473.pi7‹·71a-talVIe

1396 2065 1557 2094 eritVen.
1585 2073 1666 2094 arn
1687 2074 1736 2105 pr

427 2128 514 2148 auras
531 2114 652 2146 Medic,
671 2125 687 2145 a
703 2125 751 2146 m.
768 2124 982 2158 pr.—-475.
1008 2116 1047 2148 At
1063 2116 1175 2148 Heius.
1200 2127 1273 2147 cum
1300 2115 1496 2148 melioribus.
1542 2115 1652 2157 Vulgo
1680 2119 1736 2148 Ac.

426 2169 558 2209 relinquit
574 2166 640 2198 Erf.

425 2276 537 2315 bebat
551 2279 639 2316 efle:
684 2282 769 2316 acies
794 2284 828 2315 in
856 2279 983 2329 praelice
1001 2297 1049 2319 co-

423 2340 510 2381 gunt
538 2341 568 2367 et
591 2342 738 2368 acuunt:
782 2330 913 2380 figura,
941 2346 1049 2381 quam

427 2381 605 2429 synthesm
633 2392 779 2426 vocant,
807 2382 944 2420 dietum
969 2389 1052 2437 cogit

427 2448 470 2483 qu
472 2436 539 2484 qu
541 2448 557 2468 e
558 2437 650 2482 suo
689 2433 773 2471 Sed.
792 2448 826 2471 v.
848 2434 935 2474 Var.
952 2436 1050 2474 Lee‘t.

427 2484 610 2522 rumoribus
622 2485 725 2523 dofle
743 2499 761 2521 v
766 2486 885 2523 idetur
901 2487 1052 2537 positum

427 2548 494 2586 pro
511 2536 729 2580 hortatibus,
756 2537 917 2577 vocibus.
963 2541 1051 2589 468.

429 2587 490 2624 De
506 2588 667 2625 locorum
684 2588 748 2626 fitu
767 2602 802 2625 v.
823 2588 974 2628 Excurs.
995 2591 1053 2628 ΠΙ

428 2640 477 2676 ad
496 2638 571 2675 VH
589 2649 624 2677 et
637 2640 713 2690 sup.
733 2641 827 2679 adv.
853 2653 923 2692 194
950 2658 975 2680 a
992 2642 1054 2680 lae-

428 2707 482 2727 eva
509 2701 614 2740 parte
646 2693 855 2737 castrorum,
899 2706 977 2743 quae
1012 2695 1051 2731 in

428 2754 527 2779 mare
558 2743 726 2780 conversa
776 2753 892 2789 erant,
946 2756 1050 2795 porta

427 2803 518 2837 erat,
536 2807 555 2830 a
574 2808 645 2844 qua
662 2795 793 2845 duplex
811 2795 870 2832 via
882 2796 1051 2842 ducebat,

428 2843 541 2882 altera
573 2846 767 2884 secundum
804 2847 919 2892 littus,
946 2849 1051 2885 adeo-

426 2908 496 2957 que
533 2897 650 2936 versus
679 2898 916 2945 Laurentum,
941 2901 1052 2940 altera

783 2964 811 3019 4

1114 2281 1153 2318 in
1185 2280 1355 2318 interiora
1389 2281 1483 2331 agri,
1520 2294 1605 2331 qua,
1643 2291 1739 2319 retro

1115 2333 1160 2369 ad
1182 2332 1349 2370 Tiberim
1370 2332 1486 2370 versus
1510 2333 1640 2370 collem
1673 2334 1738 2369 Pa-

1114 2384 1267 2421 latinum
1286 2385 1463 2435 perveniri
1475 2393 1626 2442 poterat.
1659 2383 1738 2422 Fir-

1117 2445 1216 2473 mant
1231 2435 1384 2485 Trojani
1403 2435 1573 2486 praefidiis
1604 2436 1736 2473 vallum

1117 2488 1162 2524 ab
1180 2488 1269 2525 laeva
1285 2497 1385 2538 parre
1410 2492 1458 2536 (v.
1475 2487 1551 2537 sup.
1570 2501 1607 2537 p.
1634 2490 1738 2536 132)

1118 2553 1188 2590 qua
1220 2539 1350 2576 Rutuli
1377 2551 1582 2590 oppugnare
1617 2539 1738 2576 muni-

1118 2591 1254 2628 tionem
1273 2591 1330 2627 seu
1350 2590 1489 2635 urbem,
1517 2604 1624 2640 quam
1650 2590 1737 2627 Vir-

1115 2642 1225 2693 gilius
1242 2642 1416 2692 perhibet,
1444 2652 1632 2692 poterant:
1660 2642 1738 2678 col-

1115 2695 1235 2731 locant
1247 2707 1287 2730 ea
1305 2693 1342 2730 in
1355 2693 1432 2743 ipso
1446 2695 1540 2731 vallo
1559 2694 1615 2730 seu
1632 2706 1737 2730 muro

1115 2755 1150 2782 et
1167 2746 1342 2787 turribus,
1369 2758 1457 2794 quas
1488 2746 1573 2783 fossa
1608 2744 1739 2783 ambit.

1169 2810 1242 2847 473
1260 2797 1310 2847 sq.
1337 2797 1560 2846 Comparant
1588 2796 1737 2834 Andro-

1118 2849 1253 2886 machae
1290 2848 1565 2899 trepidationem
1597 2858 1632 2884 et
1661 2849 1738 2884 luc-

1117 2910 1194 2940 tum
1212 2900 1319 2940 Iliad.
1334 2918 1381 2952 χ,
1393 2913 1464 2952 447
1483 2900 1560 2951 sqq.
1577 2898 1739 3004 ethliad8

1666 2954 1710 3001 ab
