1847 3313
370 291 480 341 AD
537 288 890 340 LIBRUM
943 291 1079 340 v111.
1280 307 1365 356 ψ

121 427 280 467 Inferior
297 427 466 465 Homero
483 427 522 464 in
539 427 611 464 hoc
636 427 750 465 Maro
782 426 844 469 est,
873 425 987 477 quod,
1017 435 1056 463 ut
1077 424 1154 476 jam
1187 439 1208 464 a
1247 426 1380 465 Servio

68 484 315 531 observatum,
343 488 415 526 illic
432 487 589 540 singula,
616 490 692 525 dum
700 489 811 537 fiunt,
839 497 1033 524 narrantur
1049 501 1061 524 :
1107 487 1162 524 hic
1189 502 1275 524 vero
1298 497 1380 537 per-

55 552 154 600 fidio
168 559 259 599 opere
276 551 471 598 noscuntur.
525 549 617 585 Nam
636 558 669 585 et
683 548 737 584 laic
755 562 855 584 arma
868 551 968 597 prius
985 551 1111 597 accepit
1129 548 1268 584 AEneas
1282 563 1381 599 quam

55 612 259 660 speHaret;
299 610 364 653 ibi,
386 613 558 662 pstquam
575 614 684 647 omnia
703 621 853 647 narrata
868 613 969 659 fimt,
996 612 1050 661 sic
1078 626 1101 647 a
1121 611 1266 648 <Thetide
1285 613 1380 661 dffe-

16 716 19 719 .
67 682 192 708 rantur
207 673 258 708 ad
269 670 450 708 Achillem.
506 672 598 721 Qae
623 671 678 707 his
713 669 859 718 subjicit
888 671 960 708 alia
998 671 1166 714 Servius,
1193 685 1264 709 non
1292 683 1380 722 pro-

67 731 192 769 banda
210 731 363 768 censeo:
392 744 538 773 verum,
566 743 651 767 cum
672 730 719 767 ab
738 730 904 767 Homero
924 731 1076 768 alteram
1105 732 1284 768 rationem
1315 744 1379 768 oc-

69 801 244 842 cupatam
277 790 432 832 vide1et,
463 790 552 841 quid
582 790 717 828 faceret
738 791 866 832 Maro,
894 789 973 833 nisi,
1003 800 1056 831 ut,
1085 790 1109 826 si
1137 791 1225 841 quid
1246 804 1383 830 novare

70 853 236 896 volebat,
264 851 363 903 quod
383 851 509 902 utique
529 851 702 894 debebat,
732 849 776 886 ad
808 851 963 888 alteram
990 851 1050 887 vel
1079 850 1216 889 invitus
1235 852 1382 890 descen-

68 910 189 955 deret,
216 921 456 962 narraretque
489 912 582 949 adeo
614 924 657 948 ac
690 909 812 963 potius
831 910 1067 953 describeret,
1096 912 1267 962 quaejam
1287 913 1383 950 fana

69 982 188 1009 erant.
243 971 313 1008 Sed
336 972 411 1008 haec
429 969 505 1019 jam
526 971 630 1009 docte
656 983 699 1008 ac
718 969 898 1007 subtiliter
921 970 1088 1021 exposuit
1113 972 1318 1024 Leffingius
1342 972 1382 1010 in

70 1033 250 1070 Laocoonte
264 1045 302 1082 p.
330 1033 401 1079 184
419 1031 498 1081 sqq.

122 1093 279 1142 Pugnam
294 1090 332 1128 in
351 1090 471 1142 clipeo
493 1089 719 1140 exsculptam
744 1091 934 1128 Romanus
957 1093 1069 1142 poeta
1088 1091 1244 1144 egregie
1262 1092 1382 1130 varia-

70 1150 141 1194 vit,
170 1151 194 1187 s1
223 1163 307 1188 cum
336 1149 540 1188 Homerico
571 1159 609 1186 et
632 1149 818 1188 Hefiodeo
849 1151 969 1201 clipeo
997 1164 1202 1201 compares.
1259 1152 1383 1191 Graeci

70 1212 190 1261 poetae
204 1210 268 1247 illo
286 1211 436 1261 antiquo
454 1211 618 1248 sermone
638 1210 808 1259 praeclare
824 1210 865 1248 in
882 1211 953 1248 hoc
985 1212 1035 1249 usi
1049 1223 1169 1255 erant,
1198 1212 1381 1262 ut’'E518oe,

70 1276 184 1320 Κῆξα,
213 1271 327 1313 Φόβον,
354 1267 392 1307 in
412 1269 488 1307 acie
505 1268 775 1307 constituerent.
831 1270 991 1309 Reddita
1005 1272 1084 1309 haec
1104 1271 1180 1322 ipsa
1208 1283 1270 1310 aut
1290 1273 1384 1311 simi-

70 1331 122 1369 lia
134 1329 326 1379 sculptoris
346 1340 424 1367 arte
443 1330 586 1367 fuerunt
600 1329 638 1366 in
657 1329 806 1380 Cypseli
826 1343 912 1368 arca
929 1330 1029 1382 apud
1049 1332 1277 1375 Pausaniam,
1304 1346 1385 1382 quae

72 1389 259 1440 sigillatim
271 1389 359 1426 olim
372 1389 578 1426 accuratius
593 1401 613 1425 a
632 1402 692 1425 me
711 1389 874 1440 exposita
892 1390 972 1427 sunt
987 1405 996 1427 ;
1041 1390 1222 1442 Virgilius
1235 1402 1383 1442 pugnam

71 1450 238 1487 navalem
261 1449 439 1487 substituit
456 1459 492 1486 et
511 1448 557 1486 ab
578 1448 750 1499 Apolline
771 1448 924 1488 Achaeo
942 1450 1094 1502 propria
1120 1465 1240 1489 rerum
1271 1465 1382 1503 argu-

73 1520 200 1548 menta
217 1509 352 1560 petivit
367 1509 472 1546 verff.
492 1509 565 1560 677
583 1508 662 1559 sqq.

125 1569 220 1607 Cum
242 1568 278 1606 in
293 1568 350 1605 his
365 1567 570 1619 Virgilium
585 1568 644 1605 vel
662 1567 859 1607 defendam
879 1570 935 1607 vel
961 1569 1133 1608 excusem
1151 1585 1159 1608 :
1201 1570 1250 1607 est
1269 1570 1383 1615 aliud,

73 1630 173 1682 quod
186 1629 232 1667 ab
246 1629 326 1667 aliis
342 1642 414 1667 non
430 1630 685 1681 reprehensum
705 1630 831 1675 video,
857 1630 932 1681 ipse
950 1644 1048 1682 aegre
1068 1632 1160 1670 fero.
1214 1631 1258 1669 In
1272 1647 1384 1670 rerum

71 1690 210 1728 scilicet
228 1689 366 1732 dilec‘Ju,
394 1703 484 1740 quas
499 1689 537 1727 in
556 1689 677 1740 clipeo
691 1688 896 1740 exsculptas
915 1690 1032 1734 dedit,
1049 1704 1189 1729 certum
1200 1691 1382 1740 judicium

74 1750 140 1787 vix
173 1749 343 1799 sequutus
368 1748 487 1786 videri
518 1750 648 1800 potest.
705 1749 852 1787 Omiffis
883 1750 981 1787 enim
1012 1752 1129 1789 multo
1164 1751 1384 1790 clarioribus

73 1808 175 1848 saetis
193 1808 354 1846 intexuit
373 1808 561 1852 nonnulla,
590 1822 670 1858 quae
697 1809 883 1858 quomodo
901 1809 1001 1847 inter
1017 1811 1217 1862 insigniora
1243 1813 1384 1850 Roma-

73 1882 203 1907 norum
222 1868 316 1905 facta
336 1867 395 1904 vel
428 1866 505 1905 fata
524 1867 651 1905 referri
683 1868 870 1917 potuerint
889 1882 960 1906 non
982 1871 1170 1921 assequor:
1213 1880 1252 1910 ut
1271 1873 1385 1910 Metii

75 1927 225 1966 Fuffetii
264 1927 498 1978 supplicium,
542 1928 640 1978 quod
676 1928 861 1979 quomodo
898 1929 1094 1968 defendam
1131 1945 1205 1970 non
1240 1932 1380 1970 habeo:

74 1987 215 2025 etiamfi
232 1986 375 2030 dixero,
403 1987 502 2024 Alba
521 1987 642 2024 diruta
660 1989 820 2025 Romam
851 1988 1006 2040 infignia
1025 1991 1285 2043 consequutam
1317 1993 1386 2032 effe

73 2047 316 2089 incrementa,
343 2057 380 2084 et
398 2045 606 2085 foeditatem
625 2047 834 2098 spec'taculi,
861 2048 907 2086 ad
927 2051 1085 2088 nostrum
1100 2051 1236 2090 sensum
1255 2052 1386 2091 intole-

75 2107 243 2149 rabilem,
271 2106 403 2156 asperis
417 2117 454 2144 et
467 2107 694 2157 gladiatoriae
713 2121 846 2160 pugnae
865 2109 1020 2147 adsuetis
1034 2111 1288 2151 Romanorum
1305 2113 1385 2151 ani-

73 2167 144 2206 mis
163 2166 282 2204 minus
310 2166 500 2216 displicere
527 2169 692 2217 potuiffe.
747 2169 984 2220 Religionum
1015 2171 1181 2221 majestas
1211 2174 1385 2212 excusare

76 2229 168 2266 forte
199 2228 314 2277 potest
348 2227 530 2266 Saliorum
564 2228 742 2280 tripudia,
801 2231 1055 2282 Lupercorum
1091 2233 1384 2276 discursationes,

77 2299 324 2328 matronarum
343 2300 540 2338 pompam3
569 2289 605 2326 in
620 2289 664 2327 iis
685 2299 808 2328 tamen
827 2291 931 2328 nimis
951 2293 1066 2343 press‘e
1087 2304 1124 2332 et
1139 2296 1287 2347 anguste
1300 2296 1384 2333 Ho-

76 2362 217 2387 merum
233 2348 420 2385 aemulatus
441 2349 508 2386 effe
528 2349 689 2389 videtur.
718 2351 780 2402 qui
799 2365 837 2387 v.
866 2364 938 2402 590
952 2354 1105 2392 chorum
1123 2356 1386 2407 elegantissime

75 2410 279 2446 effinxerat.
336 2407 513 2446 Anserem
528 2410 741 2448 volitantem
771 2412 795 2449 fi
813 2412 994 2458 omififfet,
1021 2418 1231 2466 argumenti
1258 2417 1388 2465 majes-

76 2469 147 2507 tati
167 2468 213 2505 ad
235 2468 390 2505 nostrum
405 2468 542 2505 sensum
568 2469 695 2508 melius
715 2471 955 2510 consuluisset.
1009 2474 1247 2526 Intercipitur
1273 2489 1385 2527 porro

76 2537 175 2565 totus
187 2527 394 2578 argumenti
410 2526 573 2565 Romani
587 2539 691 2567 tenor
708 2531 813 2567 rebus
830 2531 957 2570 inferis
982 2532 1217 2585 interpositis,
1245 2537 1309 2574 etsi
1329 2537 1366 2575 vi
1382 2560 1387 2565 ·

76 2588 163 2631 deo,
191 2586 280 2637 quid
299 2587 336 2624 in
355 2587 410 2624 his
430 2587 530 2638 sequi
548 2589 710 2638 potuerit
728 2593 849 2641 poeta.
905 2593 1034 2632 Voluit
1049 2595 1143 2633 forte
1160 2596 1331 2634 Catilinae
1349 2608 1386 2635 et

69 2648 231 2694 ‚Catonis
251 2647 464 2691 meminisse,
493 2662 647 2700 quorum
669 2652 822 2690 alterum
840 2652 879 2689 in
910 2654 1035 2692 inferis
1063 2655 1237 2695 scelerum
1257 2672 1386 2710 poenas

76 2709 177 2746 luere
196 2721 263 2759 par
276 2707 324 2745 est
343 2707 506 2746 credere.
561 2709 652 2746 Sunt
665 2710 775 2747 etiam
796 2712 874 2749 haec
893 2712 944 2750 ita
959 2716 1088 2763 posita,
1117 2727 1155 2753 ut
1179 2715 1289 2766 clipei
1317 2731 1385 2757 ex-

77 2779 234 2807 tremam
252 2781 357 2807 oram
371 2768 520 2814 obeant,
546 2771 702 2809 terrain
717 2771 857 2817 medio,
886 2784 923 2810 et
947 2773 1041 2813 inter
1067 2776 1160 2814 hanc
1192 2776 1387 2828 inferaque

1303 2839 1387 2878 loca
