1847 3313
375 227 781 285 AENEIDOS,

828 197 978 276 LIB.
1031 228 1098 278 X.
1311 243 1406 293 457-

100 363 190 419 Cui
212 377 292 410 rex
315 361 499 409 aetherii
520 360 727 406 breviter
749 359 810 405 fic
838 359 962 406 fatur
991 359 1226 422 Olympi:

99 455 148 507 Si
169 469 302 500 mora
324 451 568 514 praesentis
593 450 676 496 leti
701 450 979 513 tempusque
1001 451 1181 498 caduco

96 543 273 590 Oratur
297 540 480 605 juveni,
504 555 673 603 meque
697 539 784 585 hoc
810 539 875 584 ita
897 553 1072 601 ponere
1096 537 1266 585 sentis:

26 694 30 698 ¹
96 632 238 680 Tolle
259 630 370 693 fuga
394 630 626 685 Turnum,
665 640 809 691 ratque
832 627 1108 678 instantibus
1132 628 1260 689 eripe
1287 626 1410 683 fatis.

98 722 341 776 Hactenus
365 721 602 769 indulfiffe
624 732 774 767 vacat.

846 719 929 766 Sin
947 718 1084 764 altior
1107 718 1202 764 istis
1317 718 1418 780 6232

98 813 195 861 Sub
218 813 437 876 precibus
461 811 597 858 venia
619 811 715 856 ulla
737 810 866 866 latet,
889 820 1139 870 totumque
1163 807 1346 854 moveri

99 903 341 949 Mutarive
363 914 499 964 putas
523 900 729 946 bellum:
766 898 866 961 spes
890 897 1038 960 pascis
1065 897 1230 943 inanis.

97 995 164 1040 Et
177 994 303 1054 Juno
319 994 669 1053 adlacrumans:
695 991 826 1053 Qid
845 990 894 1047 fi,
911 989 1035 1051 quod
1055 1004 1171 1034 voce
1186 989 1410 1050 gravari8‚

99 1081 267 1127 Mente
289 1079 419 1126 dares
436 1103 448 1134 ;
474 1091 611 1142 atque
626 1079 727 1124 haec
750 1078 916 1124 Turno
935 1090 1031 1124 rata
1053 1078 1147 1123 vita
1167 1091 1374 1123 maneret
1394 1077 1404 1122 i

144 1229 217 1261 621.
235 1231 324 1273 fatus
340 1240 358 1260 a
374 1238 418 1260 m.
435 1230 496 1261 sec.
515 1229 630 1260 Medic.
649 1236 681 1260 et
698 1229 784 1260 Gud.
798 1239 870 1259 cum
886 1228 955 1259 aliis
970 1229 1093 1266 Heius„
1110 1228 1148 1258 su:
1166 1236 1196 1258 et
1210 1229 1311 1260 Rom.
1335 1236 1409 1261 cum

99 1279 202 1312 Goth.
221 1280 280 1311 sec.
299 1288 330 1311 et
347 1279 584 1319 Erf.——623.
607 1281 670 1311 haec
685 1282 728 1310 ita
745 1280 836 1311 Leid.
863 1290 916 1320 qu.
948 1281 1072 1311 Moret.
1093 1280 1151 1310 Ed.
1180 1283 1264 1312 Ven.
1305 1290 1408 1322 ponere

87 1336 122 1376 fi
141 1336 188 1365 vis
204 1333 341 1364 Dorvill.
359 1344 433 1365 am.
451 1333 673 1371 see.-——6z7.
701 1334 870 1364 Multas-ive
894 1333 1009 1363 Medic.
1037 1344 1054 1363 a
1070 1343 1112 1363 m.
1141 1343 1187 1374 pr.
1229 1342 1313 1375 putes
1339 1334 1406 1363 Ou-

99 1385 180 1422 dart.
220 1384 306 1427 poscis
323 1383 417 1414 idem.

98 1434 180 1465 Edd.
197 1434 332 1465 Mediol.
351 1442 382 1464 et
397 1433 474 1464 Ald.
498 1444 545 1474 pr.
562 1435 639 1477 Qoi
653 1436 685 1476 J

100 1487 155 1516 Cui
169 1486 213 1528 J.
226 1484 409 1522 illacrimans.
433 1488 477 1515 At
493 1483 646 1524 praeceffit
663 1485 715 1514 Cui
731 1494 761 1514 v.
783 1484 854 1515 621.
902 1485 996 1514 Rom.
1011 1485 1062 1514 Cui
1075 1486 1113 1526 J.
1126 1484 1224 1514 lacrim

507 1382 581 1415 628.
607 1385 651 1414 Et
666 1386 706 1426 J.
722 1384 909 1415 adlacrimans
927 1394 942 1413 e
958 1383 1072 1413 Medic.
1099 1391 1129 1414 et
1147 1383 1216 1413 aliies
1245 1383 1406 1414 Heinsius.

688 1458 694 1463 .
714 1434 904 1465 allacrimans.
952 1432 1058 1473 Vulgo
1076 1433 1147 1463 inde
1173 1444 1190 1463 a
1215 1434 1379 1474 Naugcrio
1395 1444 1405 1464 z

1226 1497 1286 1518 ιῳες.
1330 1484 1405 1514 Duo

99 1529 218 1568 Moret.
236 1543 267 1566 et
282 1546 331 1577 pr.
349 1534 471 1567 Hamb.
496 1537 548 1566 Cui
565 1537 604 1579 J.
623 1535 822 1566 adlacrimans.
867 1536 998 1580 Qodfi
1014 1536 1098 1566 Gud.
1127 1544 1159 1566 et
1185 1537 1290 1576 Sprot.
1338 1548 1405 1578 quae

96 1600 166 1619 voce
176 1599 228 1630 gr.
247 1588 345 1618 Rom.
372 1593 403 1617 et
419 1597 492 1627 pars
517 1587 607 1617 codd.
626 1587 709 1617 Pier.
728 1587 834 1620 Heius.
855 1595 885 1617 et
909 1589 1019 1618 Burm.
1046 1597 1119 1618 cum
1145 1587 1244 1618 Goth.
1270 1598 1318 1630 pr.

99 1641 175 1681 629.
198 1639 268 1670 data
283 1640 351 1670 vita
367 1638 477 1679 Rom„
494 1648 559 1669 non
573 1638 711 1677 Servius,
736 1649 832 1680 quem
849 1638 956 1679 Heius.
980 1638 1136 1669 nominat.

149 1761 239 1798 621.
267 1760 365 1809 Juno
385 1760 454 1797 hoc
469 1760 662 1811 speciabat,
683 1769 721 1796 ut

99 1814 269 1850 Turnum
297 1812 448 1850 omnino
467 1812 575 1848 morti
605 1812 720 1861 eripe-

99 1874 165 1903 ret.
208 1863 310 1901 Huic
329 1864 487 1900 occurrit
502 1862 643 1913 Jupiter
657 1864 720 1905 fic,

101 1926 140 1953 ut
174 1916 213 1953 in
247 1915 394 1965 praesens
435 1915 544 1951 modo
579 1924 720 1971 tempus

99 1967 173 2004 fata
211 1966 332 2003 Turni
374 1965 513 2003 differri
549 1965 716 2015 patiatur.

98 2019 147 2056 cf.
175 2018 252 2068 sup.
284 2017 377 2062 VII,
421 2031 490 2066 313
527 2017 606 2067 sqq.
660 2017 719 2053 Est

98 2083 184 2107 vero
226 2079 322 2106 totus
364 2071 462 2108 locus
499 2067 718 2106 Homericus

99 2121 210 2159 Iliad.
242 2137 285 2166 π,
312 2133 388 2170 439
416 2119 509 2176 sqq„
543 2119 605 2155 ubi
635 2119 720 2166 Jovi

100 2172 340 2222 Sarpedonem
372 2171 481 2207 moiti
500 2170 717 2207 subdudturo

99 2224 209 2262 fimili
243 2223 353 2260 modo
384 2221 575 2259 intercedit
605 2221 718 2269 juno,

99 2289 140 2312 ac
156 2288 251 2312 nunc
267 2274 401 2324 Junoni
419 2273 574 2323 Jupiter.
628 2274 716 2310 622.

98 2329 231 2369 caduco,
249 2324 437 2375 exquisite,
466 2337 550 2360 mox
577 2324 717 2368 casuro,

99 2379 156 2415 vel
174 2377 235 2414 cui
254 2389 340 2414 mox
368 2376 585 2419 cz‚1dendum
611 2375 720 2411 mori-

99 2429 232 2466 endum
259 2430 330 2466 est:
362 2438 400 2464 ut
429 2427 599 2476 V1,4S1
638 2426 719 2463 bzllo

98 2483 226 2524 caduci,
261 2480 438 2516 cadentes.
495 2479 582 2526 623.
611 2494 718 2528 meque

99 2532 157 2570 hoc
185 2538 234 2569 ita
262 2541 379 2580 ponere
392 2534 497 2578 sentis
510 2544 523 2566 .·
553 2530 649 2579 sique
667 2529 716 2565 ira

100 2584 170 2620 hoc
203 2582 336 2619 facium
375 2581 632 2631 interpretaris,
676 2580 714 2616 in

99 2634 194 2671 hunc
207 2633 342 2671 sensum
360 2632 509 2682 accipis,
531 2642 568 2669 ut
583 2632 619 2668 in
635 2644 715 2668 eum

99 2685 247 2722 modum
263 2697 283 2720 a
301 2697 357 2720 me
373 2683 606 2720 constituatur
623 2696 716 2719 nunc

101 2736 192 2773 hoc:
222 2735 297 2772 scil.
316 2744 354 2771 ut
372 2735 491 2772 Turni
511 2735 583 2771 fata
610 2734 717 2770 diffe-

97 2798 237 2841 rantur,
269 2799 340 2824 non
359 2795 397 2823 ut
416 2796 609 2831 mutentur.
656 2796 716 2836 po-

785 1776 861 1798 nere
894 1761 1012 1803 doffte,
1055 1759 1180 1798 τιθέναι
1224 1773 1290 1810 pro
1333 1759 1405 1796 δικ-

786 1812 926 1856 τιὲέναι,
964 1812 1143 1856 ordinare,
1178 1812 1403 1848 constituere.

787 1867 874 1915 625.
912 1875 1019 1901 vacat
1053 1863 1262 1914 exquisitius
1296 1876 1404 1913 quam

785 1915 883 1953 licet:
914 1915 1005 1951 nihil
1017 1916 1121 1952 ultra.
1175 1915 1262 1952 626.
1281 1921 1401 1956 venia,

784 1968 958 2003 conceffio
973 1980 982 2002 ε
1012 1968 1108 2017 quod
1125 1966 1333 2009 concedam,
1348 1965 1405 2002 in-

783 2019 964 2068 dulgeam.

835 2071 924 2107 628.
964 2068 1053 2106 Belli
1082 2068 1220 2105 exitum
1255 2068 1402 2107 fatalem

783 2120 1013 2157 immutatum
1058 2133 1129 2156 non
1170 2120 1217 2156 iri
1259 2120 1402 2170 Jupiter

783 2172 1098 2222 pronuntiaveiwat
1129 2172 1174 2208 de
1202 2172 1327 2208 furno
1349 2172 1401 2210 nii

784 2223 1003 2274 meminerat.
1056 2223 1152 2271 Juno
1185 2222 1304 2272 itaque
1334 2224 1400 2272 Jo-

784 2287 878 2316 vem,
928 2288 1031 2324 quem
1068 2274 1133 2310 fibi
1165 2275 1399 2323 placatiorem

782 2325 897 2367 videt,
954 2325 1010 2362 feu
1069 2325 1138 2361 alia
1187 2326 1233 2361 de
1284 2328 1399 2364 caussa

782 2375 842 2413 seu
885 2375 1036 2413 Veneris
1074 2375 1195 2426 jurgia
1231 2377 1399 2423 veritum,

782 2438 906 2464 caetera
922 2428 967 2464 de
986 2428 1104 2464 Turni
1135 2428 1207 2463 vita
1236 2437 1270 2463 et
1297 2428 1397 2466 inco-

783 2479 945 2515 lumitate
962 2479 1081 2528 eloqui
1106 2492 1173 2515 non
1195 2480 1323 2515 audere
1341 2494 1399 2517 ar-

782 2530 927 2573 bitrata,
973 2530 1109 2566 utinam
1155 2530 1207 2572 id,
1264 2530 1396 2579 inquit,

781 2582 876 2631 quod
912 2581 1052 2618 disertis
1089 2582 1203 2616 xerbis
1246 2583 1396 2628 promit-

783 2643 855 2668 tere
880 2632 969 2669 mihi
989 2632 1155 2682 gravaris,
1190 2634 1310 2668 animo
1330 2633 1396 2669 sal-

781 2694 851 2720 tem
893 2693 929 2720 et
978 2685 1159 2720 voluntate
1211 2697 1395 2727 annueres,

780 2734 930 2776 scilicet,
967 2745 1005 2770 ut
1041 2736 1167 2770 Turno
1209 2734 1282 2769 vita
1315 2737 1397 2773 effet

781 2785 992 2823 incolumis!
1025 2786 1105 2823 Nisi
1125 2796 1219 2836 atque
1233 2787 1279 2821 est
1309 2789 1327 2825 ἦ
1346 2787 1396 2826 δή.

1337 2839 1397 2881 δίε
