1847 3313
398 265 510 313 AD
569 265 926 315 LIBRUM
979 266 1100 318 XI.¹
1313 274 1406 324 601

86 403 163 443 quo
179 393 284 432 Iocus
299 395 397 434 claff.
420 396 516 435 Plin.
540 398 589 441 X,
609 410 660 448 44
678 398 704 436 s.
735 398 779 435 61
804 407 842 435 et
866 400 993 437 auetor
1013 400 1061 438 de
1076 401 1218 442 Mis-ab.
1237 404 1408 443 Auscult.

90 465 126 491 c.
161 458 226 493 80.
282 457 443 495 Plinium
478 459 535 495 vel
567 458 680 496 alium
711 458 796 496 inde
816 459 963 497 duftum
992 461 1206 512 scriptorem
1226 464 1414 516 exscripsit

86 514 312 566 Augustinus
344 518 392 555 C.
432 518 485 555 D.
524 519 679 561 XVIII,
711 519 771 556 16.
848 520 938 557 Non
969 521 1112 560 diversa
1139 525 1337 563 admodum
1364 526 1413 562 est

84 575 249 613 narratio
263 575 311 613 de
339 578 462 615 Leuce
484 578 640 615 Achillis
668 578 782 616 insula
802 579 841 617 in
860 581 957 617 ostiis
976 581 1037 618 seu
1069 584 1318 633 Borysthenis,
1346 585 1408 623 seu

87 632 218 684 Tyrae,
247 635 307 673 seu
326 636 421 680 Istri‚
451 637 515 675 ubi
533 637 660 676 avium
681 639 804 676 similis
823 653 912 677 cura
930 640 1031 679 circa
1051 643 1207 682 Achillis
1230 647 1411 683 tumulum

88 704 264 731 narratur
283 695 330 733 ab
349 696 511 734 Arriano
529 696 567 734 in
585 697 735 748 Periplo
754 700 813 737 M.
845 701 943 738 Eux.
974 716 1012 752 p.
1051 716 1098 740 22
1120 714 1170 748 et,
1207 705 1270 756 qui
1288 706 1412 756 primo

85 750 169 791 loco
183 764 261 791 erat
276 756 636 799 commemorandus,
660 769 681 794 a
695 758 859 808 Scymno
875 760 974 798 Chio
988 761 1025 798 in
1042 762 1192 814 Fragm.
1207 779 1244 814 p.
1264 779 1310 817 45
1329 767 1406 803 To.

83 810 123 848 ΙΙ
150 812 297 865 Geogr.
329 814 446 852 Huds.
485 815 530 853 it.
551 815 735 866 Antigon.
755 817 789 853 in
803 817 950 857 Admir.
991 833 1026 857 c.
1053 833 1137 872 ¹34·
1157 824 1219 861 ubi
1233 826 1283 862 cf.
1313 825 1409 862 Bec—

91 885 193 909 man.
216 882 251 910 et
266 887 304 922 p.
327 874 401 925 236
418 883 455 911 et
474 874 677 913 Schneider
696 876 742 914 ad
757 877 917 928 Reliqua
935 880 1123 919 Frederici
1142 884 1182 920 II
1205 886 1291 922 Vol.
1310 885 1348 921 ΙΙ
1368 900 1407 936 p.

92 943 180 984 ¹⁴59·
221 941 260 969 et
291 933 388 970 Plin.
424 934 473 977 X,
504 947 570 983 41.
600 935 650 973 ef.
683 935 729 972 de
748 937 817 974 hac
835 938 949 975 insula
964 940 1190 980 Vauvilliers
1221 945 1341 982 Notas
1359 946 1408 984 ad

88 991 266 1042 Sophocl.
297 993 348 1030 T.
369 992 428 1035 II,
448 1007 487 1044 p.
507 994 573 1032 61.
627 996 803 1034 Tertium
819 998 930 1036 fimile
951 999 1007 1037 his
1023 1000 1145 1039 avium
1165 1017 1281 1054 genus
1300 1006 1408 1043 nobi-

83 1053 156 1091 lius
177 1053 274 1091 forte
291 1053 433 1092 caeteris
453 1054 522 1092 fuit
549 1055 818 1107 Affeleagridusm
855 1059 902 1096 ad
929 1062 1113 1099 tumulum
1142 1064 1333 1115 Meleagri
1365 1067 1406 1105 in

81 1114 224 1153 AEtolia
243 1113 400 1151 visarum
419 1128 427 1151 :
456 1114 502 1151 de
522 1116 655 1166 quibus
677 1130 714 1154 v.
737 1118 876 1156 AElian.
896 1120 949 1157 H.
971 1122 1019 1158 A.
1044 1122 1122 1166 IV,
1151 1137 1218 1174 42,
1257 1125 1322 1163 ubi
1352 1126 1405 1164 cf.

85 1172 290 1212 Schneider
308 1184 346 1211 et
366 1174 543 1213 Antonin.
582 1177 682 1213 Met.
704 1189 739 1215 c.
762 1191 800 1216 2.
829 1192 913 1216 cum
936 1180 1127 1231 AntIgono
1147 1196 1181 1220 c.
1206 1197 1263 1227 11,
1293 1194 1331 1222 et
1350 1185 1406 1231 ihi

83 1233 261 1271 Becman.
319 1234 580 1272 Exornaverat
599 1234 763 1274 fabulam
778 1237 816 1274 in
833 1239 1010 1290 Meleagro
1028 1241 1090 1279 suo
1111 1243 1328 1293 Sophocles,
1356 1246 1405 1283 de

84 1307 160 1345 quo
192 1308 230 1331 v.
253 1294 348 1332 Plin.
371 1294 577 1333 XXXVII
606 1296 632 1334 s.
666 1309 728 1341 11,
760 1310 795 1336 1.
850 1301 1034 1350 Qartum
1054 1317 1172 1353 genus
1193 1305 1240 1342 est
1254 1307 1404 1344 Memno-

81 1356 196 1392 nidum
214 1355 260 1391 ad
282 1355 461 1392 tumulum
479 1357 692 1394 Memnonis
709 1360 905 1408 quotannis
920 1363 1118 1399 convenire
1131 1375 1168 1400 et
1182 1366 1402 1417 depugnare

79 1413 296 1451 solitarum:
328 1427 367 1450 v.
388 1415 505 1452 Ovid.
526 1417 624 1453 Met.
654 1418 765 1461 XIH,
787 1419 861 1470 576
878 1420 928 1470 sq.
949 1421 1039 1458 600.
1071 1422 1149 1472 sqq.
1181 1425 1318 1464 AElian.
1347 1427 1401 1465 H.

86 1474 138 1512 A.
157 1473 212 1515 V,
237 1485 268 1510 1.
316 1473 378 1510 Fit
397 1487 544 1524 quoque
561 1488 621 1524 ap.
643 1477 841 1515 Moschum
861 1478 933 1521 ΙΙΙ,
952 1493 1017 1528 44.
1038 1481 1193 1520 mentio.

130 1532 322 1571 Habemus
342 1533 532 1571 Benedicti
552 1535 780 1573 Cochorellae
795 1537 1091 1587 descriptionem
1106 1540 1228 1580 insulae
1246 1542 1400 1581 Tremi-

81 1601 178 1629 tanae
197 1592 236 1629 in
268 1593 462 1631 Thesauro
489 1594 607 1632 Italiae
627 1596 825 1647 repetitam
848 1612 858 1641 ;
889 1599 1004 1636 multa
1023 1600 1084 1637 hic
1111 1600 1158 1638 de
1178 1603 1307 1641 avibus
1327 1605 1401 1650 his,

81 1665 172 1702 quas
188 1665 284 1690 nunc
303 1653 455 1690 Artenas
473 1655 676 1704 appellant,
696 1667 914 1702 narrantur3
937 1671 1004 1696 nec
1024 1670 1148 1697 tamen
1168 1661 1256 1698 inde
1277 1675 1398 1703 certos

78 1711 206 1749 avium
234 1712 362 1749 harum
391 1713 615 1751 charaeteres
636 1715 813 1766 colligere
832 1717 936 1759 iicet,
968 1728 1008 1755 ut
1043 1732 1237 1770 appareat,
1274 1736 1319 1760 an
1348 1726 1396 1764 ad

81 1772 244 1812 larorum
263 1786 381 1824 genus
400 1773 603 1812 referendae
619 1775 697 1812 fint.
742 1777 825 1814 Nec
841 1778 1102 1818 Aldrovandus
1122 1782 1308 1820 Ornithol.
1325 1784 1394 1822 lib.

81 1831 193 1872 XIX,
229 1845 267 1882 3,
299 1831 363 1882 qui
393 1832 600 1870 accuratius
635 1833 683 1870 de
703 1833 756 1870 his
785 1835 913 1873 avibus
934 1837 1014 1886 egit
1033 1852 1215 1890 quemque
1234 1841 1295 1878 atii
1315 1842 1394 1881 fere

80 1891 297 1940 sequuntur,
317 1891 516 1942 quicquam
531 1893 660 1930 definit
678 1908 686 1931 :
715 1895 780 1932 εἰῇ
797 1895 857 1932 ilie
877 1896 1004 1934 habuit
1032 1899 1077 1935 ad
1096 1900 1130 1936 se
1155 1901 1391 1941 transmissam

78 1964 126 1988 ex
143 1949 258 1988 insula
276 1965 384 1989 avem
399 1965 444 1989 ex
460 1953 530 1990 hoc
545 1966 695 2003 genere.
750 1954 863 1993 Nunc
883 1966 1006 1994 tamen
1020 1956 1117 1996 inter
1134 1959 1392 2007 Procellarias,

75 2024 124 2049 ex
156 2010 324 2048 anserino
357 2025 510 2062 genere,
542 2013 704 2050 referunt
734 2023 872 2052 naturae
904 2030 1026 2054 rerum
1058 2020 1222 2057 aueores
1240 2034 1249 2058 :
1292 2021 1391 2072 apud

77 2069 274 2107 Linnaeum
305 2070 518 2109 Procellarz'a
545 2074 695 2123 Pzff71us
726 2075 788 2112 est.
845 2075 918 2112 Sed
938 2075 1031 2113 bene
1048 2078 1322 2130 'Willougbeius
1352 2091 1390 2117 et

77 2130 206 2179 Rayus
225 2143 391 2173 monent,
411 2133 656 2180 expe-&andos
676 2133 744 2170 effe
765 2134 934 2171 meliores
954 2138 1135 2179 auitores,
1157 2152 1223 2176 nec
1244 2139 1389 2180 dubitat

77 2189 303 2227 Bermannus
319 2191 436 2227 noster
451 2191 498 2228 ad
518 2192 653 2242 Antig.
685 2193 711 2230 l.
732 2206 764 2230 c.
785 2194 852 2230 effe
874 2195 1074 2233 Numidam
1095 2199 1199 2234 Mele
1217 2200 1389 2250 agridem

77 2249 195 2287 Linn.
248 2252 464 2300 (nostratum
502 2252 705 2300 Perlhuhn)
737 2254 920 2291 Anatibus
957 2257 1154 2306 ampliores
1189 2259 1388 2299 secundum

74 2310 352 2354 Cochorellarn,
381 2311 478 2349 diem
495 2312 668 2360 piscando
687 2313 725 2350 in
743 2315 867 2351 medio
891 2317 1025 2366 pessago
1043 2318 1215 2368 exigunt,
1246 2320 1283 2357 in
1309 2322 1385 2359 sco-

24 2382 27 2385 ·
74 2370 249 2421 pulorum
265 2371 434 2408 cavernis
460 2370 650 2408 nidificant
675 2375 805 2422 (quam
826 2375 922 2410 reste
942 2374 1065 2424 itaque
1082 2377 1261 2428 Virgilius
1280 2381 1387 2428 posu-

71 2432 144 2469 erit
172 2430 441 2481 fluminibusque
460 2444 647 2482 vagantur
665 2448 770 2475 aves,
807 2447 878 2472 non
908 2435 1045 2473 dicam.
1100 2438 1287 2475 sollertius
1307 2439 1385 2490 Ly-

71 2493 241 2543 cophron
259 2491 283 2528 l.
305 2504 340 2528 c.
361 2505 397 2528 V.
431 2505 501 2543 595
533 2492 561 2527 οἳ
579 2491 778 2540 Ξζκλκσσίκν
796 2493 928 2531 δίαιταν
948 2496 1152 2544 αἰνήσει-η),
1182 2498 1255 2534 sOiO
1275 2498 1386 2549 adipe

71 2555 279 2605 probantur
309 2552 456 2595 incolis,
494 2566 567 2603 quo
596 2566 666 2604 pro
698 2554 968 2592 medicamento
1005 2566 1154 2594 utuntur
1171 2573 1180 2594 ;
1222 2559 1384 2597 clamore

70 2614 263 2651 imitantur
283 2612 452 2662 vagitum
485 2627 682 2662 puerorum
702 2625 738 2651 et
765 2617 957 2663 κιγιςωμέιι,
987 2616 1082 2652 unde
1110 2617 1214 2654 doffte
1243 2619 1383 2658 Maro:

56 2672 207 2724 scopulos
225 2670 402 2722 lacrimofis
422 2672 563 2709 ‘vecibus
583 2675 733 2722 implent,
752 2675 835 2711 cod.
854 2676 922 2711 loc.
948 2676 1020 2717 ΚΞ,
1050 2689 1140 2724 274.
1198 2677 1333 2715 I‘iinius
1353 2681 1379 2720 l.

71 2746 107 2772 c.
132 2730 328 2782 fulicarum
346 2731 475 2784 stra-iles
496 2732 572 2783 ait3
601 2734 763 2787 oloribus
791 2735 956 2774 asslxnilzzt
989 2735 1215 2785 Lycophron
1234 2736 1260 2774 1.
1290 2749 1325 2774 c.
1343 2751 1381 2775 v.

1300 2809 1386 2849 597·
