1847 3313
375 324 473 370 404
538 308 592 355 P.
649 303 1032 353 VIRGILlI
1102 301 1499 351 MARONIS

375 439 545 495 Insula,
570 437 849 485 inexhaustis
869 437 1135 498 Chalybum
1154 435 1372 500 generosa
1395 436 1613 483 metalliS.

379 530 584 585 Tertius,
603 528 683 574 ille
707 527 958 573 hominum
975 527 1234 589 divomque
1254 527 1483 588 interpres
1502 524 1682 586 AsylaS,

379 615 469 662 Cui
494 614 734 677 pecudum
752 615 902 669 fibrae,
930 614 1043 660 coeli
1064 616 1140 661 cui
1160 615 1304 662 fidera
1322 625 1502 677 parent,

1593 610 1681 673 176

377 705 440 751 Et
459 705 633 767 linguae
654 703 918 759 volucrum,
942 715 987 749 et
1010 702 1211 767 praesagi
1237 701 1451 749 fulminis
1472 701 1620 763 igneS‚

380 792 524 840 Mille
549 793 671 856 rapit
696 791 861 838 densos
883 792 982 838 acie
1006 805 1144 855 atque
1169 790 1466 837 horrentibus
1491 787 1649 833 hastis.

381 885 488 933 Hos
512 897 672 946 parere
689 879 860 945 jubent
878 879 1080 942 Alpheae
1104 879 1162 925 ab
1182 879 1366 942 origine
1392 878 1510 925 Pisae
1530 898 1541 925 :

427 1023 500 1053 174.
526 1015 652 1057 incxztstis
680 1011 826 1043 Parrhas.
872 1023 932 1042 mox
955 1008 1058 1052 haustis
1082 1008 1181 1041 Goth.
1208 1008 1432 1047 sec.—-—175.
1474 1009 1582 1050 Astllas
1603 1009 1686 1050 Reg.

382 1067 480 1108 Afilas
503 1065 607 1096 multi.

702 1062 773 1102 176.
800 1063 898 1094 coelum
916 1061 994 1091 alter
1006 1061 1138 1098 Hamb.‚
1158 1061 1242 1090 unde
1260 1061 1368 1089 Burm.
1394 1070 1432 1090 an
1450 1063 1494 1091 cui
1509 1061 1608 1091 coelum
1624 1059 1685 1102 ets.

385 1118 426 1147 Et
444 1117 520 1157 quid
533 1115 636 1156 quaeso
653 1114 724 1144 inde
738 1112 748 1144 ?
783 1112 884 1143 Addit
902 1121 1026 1152 quoque
1040 1111 1125 1141 idern
1140 1121 1147 1142 :
1173 1111 1223 1140 sed
1236 1110 1372 1140 alterum
1386 1110 1527 1141 usitatius
1544 1110 1687 1141 Maroni.

384 1171 429 1200 cui
452 1169 514 1199 caeli
539 1167 636 1197 Goth.
659 1172 732 1195 tert.

823 1162 896 1201 178.
922 1165 998 1194 horr.
1018 1163 1122 1193 umbris
1138 1161 1218 1192 alter
1235 1161 1350 1192 Hamb.
1381 1173 1398 1191 a
1412 1172 1458 1191 m.
1479 1173 1541 1203 pr.,
1562 1170 1593 1193 et
1609 1173 1627 1192 a
1643 1172 1691 1194 nr.

380 1220 449 1250 sec,
471 1221 556 1250 armis
571 1230 580 1248 .·
604 1217 664 1247 hoc
679 1214 773 1246 multi
793 1214 847 1245 alii
865 1213 982 1244 habent
999 1213 1082 1254 apud
1106 1214 1216 1243 Burm.
1239 1223 1310 1242 cum
1330 1211 1427 1242 Goth.
1454 1220 1525 1242 tert.

1619 1224 1630 1245 ι
1639 1203 1692 1254 79¹·

385 1272 500 1315 Alphea
516 1270 552 1301 ab
568 1270 670 1310 origine
693 1265 842 1297 Heinsius
856 1275 872 1296 e
890 1263 1008 1296 Medic.
1033 1271 1066 1295 et
1085 1263 1155 1294 ¹aliis>
1170 1262 1362 1305 reposuerat.
1405 1263 1530 1305 Alpheae
1545 1264 1581 1295 ab
1598 1277 1619 1294 o.
1644 1266 1685 1296 P.

386 1435 493 1462 mater
509 1425 544 1462 h.
566 1425 589 1462 l.
608 1422 738 1474 patria.
783 1421 897 1471 Supra
913 1419 1005 1465 VII,

389 1480 461 1527 762
483 1476 639 1512 dubitari
658 1484 812 1525 poterat,
827 1486 872 1508 an
887 1474 1007 1509 Aricia

388 1540 496 1565 mater
512 1541 554 1564 eo
574 1526 669 1562 sensu
683 1525 780 1571 dieta
797 1525 890 1561 effer.
923 1538 935 1561 1
947 1538 1006 1574 74.

381 1583 538 1630 generqsa
559 1577 702 1615 metallis
737 1588 803 1625 pro
837 1575 1008 1617 fecunda,

388 1632 582 1680 eleganter,
599 1629 656 1664 sed
670 1641 751 1665 cum
764 1627 901 1676 adjecta
916 1626 1010 1662 noti-

390 1695 460 1719 one
480 1680 641 1732 praeclari
658 1678 883 1716 metallorum
903 1690 1010 1727 gene-

391 1733 454 1777 ris,
470 1746 623 1783 quorum
653 1743 759 1768 venas
791 1729 1012 1766 inexhaustas

392 1785 512 1822 habet.

451 1849 532 1886 175·
555 1835 636 1885 176.
658 1847 742 1883 177.
784 1829 892 1867 Vatis
909 1829 1011 1867 lucu-

392 1887 488 1924 lenta
507 1885 715 1935 descriptio.
771 1883 863 1919 Eum
885 1883 1012 1918 deorum

393 1940 449 1975 vel
468 1940 572 1987 Jovis
593 1943 800 1985 interpretem
818 1932 911 1976 dici,
940 1932 1010 1969 sol-

393 1991 498 2026 lenne
525 1990 571 2025 est
589 2003 598 2032 3
644 1999 679 2023 at
715 1989 753 2024 h.
789 1987 814 2021 l.
849 1985 1012 2021 hominum

394 2043 574 2090 divumque
607 2041 654 2076 est
689 2043 847 2087 interpres
864 2049 876 2071 .·
916 2037 1012 2072 acci-

395 2093 472 2143 pio,
505 2102 543 2127 ut
564 2091 603 2127 sit
620 2091 713 2127 inter
731 2090 814 2125 deos
831 2085 1010 2123 homines-

394 2156 479 2193 que,
510 2154 692 2191 taznquam
710 2139 847 2177 medius
863 2147 898 2174 et
915 2137 1010 2174 arbi-

394 2205 460 2232 ter.
515 2195 643 2230 Parmt
659 2192 693 2229 ei
717 2191 815 2228 fibrae
833 2189 1013 2239 pecudum

395 2257 430 2282 et
449 2256 534 2287 cet„
552 2255 724 2294 quatenus
737 2256 793 2279 eas
810 2254 875 2290 pro
894 2240 1011 2276 lubitu

395 2297 662 2346 interpretatur,
683 2297 720 2332 in
747 2294 881 2330 bonam
900 2292 955 2327 vel
975 2291 1012 2328 in

396 2349 566 2386 finistram
602 2358 751 2397 partem.
819 2343 880 2381 Sic
916 2344 1012 2392 apud

395 2405 521 2450 poetas
548 2415 657 2450 regere
682 2408 714 2434 et
732 2397 897 2433 moderari
919 2394 1013 2430 dici-

397 2465 478 2488 mur
491 2464 546 2492 ea,
577 2462 728 2499 quorum
748 2445 934 2484 scientiam
953 2445 1013 2481 ha-

396 2503 536 2544 bemus,
570 2512 608 2536 ut
623 2500 729 2536 fidera
749 2499 795 2542 is,
813 2497 875 2547 qui
890 2509 1014 2533 eorum

398 2554 547 2590 nomina
574 2562 609 2588 et
626 2551 768 2588 cursum
797 2559 904 2584 tenet.
960 2548 1013 2584 Ita

383 2609 518 2657 flaura
530 2616 650 2654 parere
668 2601 839 2638 dicuntur
857 2599 917 2640 iis,
951 2600 1014 2649 qui

399 2670 440 2694 ea
472 2656 686 2706 praedicunt,
705 2652 801 2702 quasi
821 2651 895 2687 vim
920 2652 958 2686 in
974 2663 1014 2686 ea

397 2708 553 2745 habeant
572 2719 580 2742 z
618 2705 730 2742 iidem
752 2708 882 2753 fictura
909 2703 1014 2738 mode-

398 2763 487 2803 rari,
506 2773 629 2809 regere.
683 2755 738 2791 Eo
753 2754 848 2792 enim
867 2753 1015 2789 omnino

400 2809 552 2847 inclinat
570 2807 757 2845 hominum
782 2804 925 2855 opinio,
961 2813 1015 2846 ut,

399 2861 465 2913 qui
490 2860 691 2913 praedicunt
718 2858 857 2901 futura,
873 2868 934 2892 eos
953 2854 1017 2892 eti-

1595 1315 1690 1346 tacite

1070 1433 1127 1456 arn
1147 1418 1360 1456 constituere
1378 1417 1470 1469 poss‘e
1488 1417 1606 1455 futura
1620 1431 1689 1468 pu·
1710 1427 1714 1430 ·

1071 1481 1162 1507 tent.
1204 1470 1313 1507 Unde
1327 1470 1487 1506 videmus
1501 1469 1688 1518 objurgari

1072 1533 1106 1559 et
1118 1522 1207 1559 odio
1220 1520 1345 1558 haberi
1361 1532 1468 1563 vates,
1479 1521 1539 1570 qui
1557 1521 1690 1558 finistra

1072 1574 1289 1624 praedicunt‚
1308 1584 1487 1622 tamquam
1503 1571 1596 1621 ipsos
1615 1585 1689 1608 ma-

1074 1627 1193 1662 lorum
1222 1626 1392 1660 auctores,
1446 1624 1611 1659 Tandem
1633 1636 1691 1660 eas

1072 1689 1140 1718 reS,
1176 1675 1306 1725 quibus
1340 1683 1490 1711 utuntur
1522 1685 1619 1711 vates
1644 1676 1690 1711 ad

1072 1727 1327 1769 divinandum,
1354 1737 1394 1762 ut
1412 1739 1508 1769 aves,
1525 1735 1623 1769 exta,
1648 1726 1691 1763 fi-

1072 1779 1172 1820 der-a,
1205 1778 1281 1814 vim
1315 1787 1350 1814 et
1386 1777 1476 1827 ipsas
1511 1778 1690 1814 occultam

1073 1829 1190 1866 nescio
1218 1842 1325 1878 quam
1354 1829 1492 1872 habere,
1523 1841 1593 1878 qua
1618 1829 1690 1866 fata

1073 1882 1300 1918 inflectantur
1332 1893 1373 1916 ac
1402 1891 1597 1922 mutentur,
1626 1879 1690 1917 fibi

1071 1931 1236 1982 persuasit
1255 1930 1468 1980 superstitio.
1499 1930 1576 1967 Ubi
1592 1931 1689 1968 enim

1073 1983 1178 2020 semel
1211 1982 1297 2018 huic
1327 1982 1539 2031 opinionum
1567 1983 1692 2031 generi

1072 2034 1211 2085 aliquid
1225 2033 1456 2069 tribuendum
1472 2034 1536 2069 css'e
1547 2034 1690 2078 statuas,

1074 2099 1146 2122 non
1188 2085 1295 2121 facile
1327 2084 1434 2121 habes
1464 2084 1525 2121 ubi
1554 2085 1691 2122 confisti

1073 2137 1188 2186 poffit.
1261 2136 1402 2173 Laudat
1442 2136 1564 2172 Burm.
1627 2135 1689 2172 Pe-

1073 2198 1168 2224 tron.
1208 2201 1221 2224 1
1232 2200 1281 2236 34
1301 2188 1468 2238 Qricquid
1482 2193 1516 2223 in
1533 2187 1607 2224 orbe
1632 2191 1693 2224 vi·

1073 2242 1142 2283 des,
1164 2250 1264 2289 paret
1282 2239 1374 2275 mihi.
1428 2238 1496 2274 Sed
1518 2237 1571 2274 ibi
1590 2251 1693 2275 vene-

1074 2291 1140 2327 fica
1161 2289 1321 2340 loquitur
1340 2305 1350 2333 ;
1379 2289 1471 2326 hanc
1490 2300 1607 2326 autem
1627 2290 1692 2326 fibi

1072 2342 1276 2391 potestatem
1294 2341 1332 2376 in
1344 2353 1487 2376 omnem
1499 2353 1614 2377 rerum
1631 2355 1693 2376 na-

1074 2404 1191 2429 turam
1220 2391 1393 2434 tribuere,
1426 2401 1512 2428 nota
1546 2405 1599 2428 res
1630 2393 1691 2429 est.

1075 2444 1241 2481 Sollenne
1256 2443 1362 2485 illud,
1371 2453 1490 2492 parere
1509 2455 1574 2492 pro
1586 2456 1694 2492 appa-

1075 2508 1165 2539 rere,
1194 2495 1264 2530 huc
1283 2493 1437 2544 spectare
1468 2507 1539 2530 non
1567 2495 1692 2543 potest.

1078 2549 1162 2597 178.
1191 2549 1295 2595 rapit,
1314 2557 1379 2595 pro
1398 2544 1556 2595 vulgari,
1571 2545 1692 2589 ducit,

1074 2608 1114 2634 nt
1141 2599 1219 2647 sup.
1250 2596 1341 2639 Vll,
1378 2609 1450 2647 7²5
1476 2595 1577 2633 Mille
1606 2603 1696 2646 rapit

1065 2650 1210 2699 populos.

1130 2715 1212 2750 179.
1246 2697 1422 2736 Similiter
1441 2697 1531 2735 Stat.
1567 2698 1692 2736 Theb.

1073 2751 1146 2794 IV,
1182 2753 1251 2800 178
1282 2752 1372 2787 Huic
1396 2761 1515 2799 parere
1532 2752 1606 2786 dati
1620 2765 1696 2800 quos

1073 2813 1145 2840 etc.
1198 2804 1288 2851 ngsae
1306 2800 1448 2850 Alpheae
1475 2801 1503 2837 s.
1527 2800 1620 2843 Pisa,
1648 2802 1695 2837 ab

1072 2853 1117 2892 iis
1152 2854 1338 2898 condita,›.·
1362 2852 1426 2903 qui
1447 2852 1534 2890 ,Pisa
1575 2851 1702 2888 Elidis·

1540 2903 1693 2955 profefti
