1847 3313
406 274 823 339 AENE1D08,
884 278 1040 330 ΜΒ.
1089 277 1200 329 vn.
1396 294 1454 346 19

137 410 268 470 Hinc
292 421 502 470 exaudiri
526 421 733 486 gemitus
764 420 943 482 iraeque
965 418 1170 474 leonum,
1394 429 1446 477 15

137 507 306 560 Vincla
327 512 640 568 recusantum,
661 522 707 557 et
726 509 821 557 sera
845 510 928 557 sub
951 510 1087 556 noete
1112 508 1369 555 rudentum
1387 532 1400 561 ς

137 602 447 665 Saetigerique
473 601 587 658 sues,
606 614 745 664 atque
765 601 811 646 in
837 599 1127 663 praesepibus
1148 597 1237 644 ursi

135 697 325 754 Saevire,
350 713 403 743 ac
429 696 599 743 formae
622 712 908 759 magnorum
933 695 1110 740 ululare
1134 693 1383 754 luporum:

133 790 267 854 Qos
279 791 528 838 hominum
544 808 600 838 ex
620 792 739 838 facie
752 790 839 837 dea
856 791 978 836 saeva
997 786 1271 851 potentibus
1295 784 1452 832 herbis

134 874 358 928 Induerat
383 882 526 928 Circe
542 883 598 929 -in
623 883 776 928 voltus
801 897 853 927 ac
879 893 1011 943 terga
1036 880 1257 925 ferarum.
1395 890 1458 923 20

134 967 259 1033 Qae
284 985 341 1014 ne
359 969 564 1016 monstra
587 969 656 1032 pii
679 981 953 1033 paterentur
978 967 1088 1013 talia
1106 964 1258 1012 Troe's

134 1059 294 1106 Delati
319 1061 365 1106 in
387 1072 567 1124 portus,
591 1076 681 1106 neu
707 1059 848 1105 litora
865 1058 965 1105 dira
991 1057 1227 1111 subirent;

134 1148 389 1213 Neptunus
413 1150 564 1196 ventis
588 1147 789 1211 inplevit
813 1147 916 1193 vela
940 1146 1171 1203 secundis,

133 1231 480 1306 Atquefugam
502 1241 649 1298 dedit,
674 1252 718 1286 et
741 1251 914 1303 praeter
938 1238 1054 1285 vada
1077 1236 1258 1283 fervida
1283 1235 1430 1282 vexit.

133 1331 339 1395 Jamque
363 1332 636 1379 rubescebat
661 1330 802 1377 radiis
826 1346 971 1386 mare,
997 1342 1042 1375 et
1074 1330 1248 1376 aethere
1270 1329 1330 1375 ab
1355 1329 1452 1374 alto

133 1420 318 1467 Aurora
335 1420 384 1466 in
405 1418 540 1465 roseis
560 1417 771 1481 fulgebat
795 1417 922 1464 lutea
947 1418 1098 1481 bigis:
1387 1416 1450 1464 26

181 1567 235 1599 15.
257 1562 376 1602 gemitus
404 1559 556 1591 leonum:
583 1556 650 1589 noli
681 1556 865 1588 substituere
892 1555 974 1587 velle
991 1556 1141 1598 fremitus.
1198 1556 1288 1587 Nam
1314 1561 1346 1586 et
1374 1549 1455 1583 illud

135 1611 243 1653 poetis
260 1611 421 1642 sollenne:
448 1622 480 1641 v.
510 1621 535 1641 c.
566 1612 683 1640 Lucan.
712 1610 771 1646 VI,
795 1608 868 1639 688.
900 1607 1001 1639 Drak.
1038 1608 1077 1638 ad
1104 1607 1217 1638 Silium
1244 1609 1270 1644 1,
1291 1615 1366 1645 425.

140 1663 193 1694 16.
218 1672 368 1705 rugentum
385 1673 434 1703 pr.
460 1662 585 1692 Moret.
615 1671 633 1690 a
650 1669 692 1691 m.
709 1659 781 1696 sec„
801 1657 1180 1698 inscite.——18.f0rma
1198 1658 1452 1694 Franc.-——19.

126 1714 217 1759 scm-a
233 1713 300 1755 post
311 1712 439 1757 sce-vire.
487 1711 579 1742 Libri
602 1710 648 1741 nil
665 1716 803 1741 mutant.
896 1717 947 1740 20.
972 1710 999 1738 in
1022 1707 1106 1738 abest
1133 1707 1235 1738 tribus
1259 1717 1309 1747 ap.
1338 1706 1453 1736 Burm.

138 1772 171 1796 et
188 1764 304 1797 Hamb.
330 1765 390 1796 sec,
415 1765 557 1796 Induerat
579 1762 681 1794 vultus
709 1762 798 1791 Circe.
846 1760 948 1790 Porro
975 1757 1133 1789 Montalb.
1161 1760 1188 1788 in
1212 1767 1293 1800 terga
1319 1755 1454 1799 vultusq-

136 1816 243 1846 Etiam
268 1824 295 1846 et
317 1824 340 1845 t.
357 1815 391 1857 f.
422 1813 570 1844 nonnulli
595 1812 678 1843 Pier.
769 1818 821 1842 21.
842 1813 996 1852 patiantur
1020 1809 1126 1849 Bigot.
1218 1817 1269 1839 22.
1293 1808 1369 1838 dura
1389 1807 1455 1837 duo

135 1869 248 1900 Burm.
341 1865 391 1897 26.
409 1869 436 1897 in
450 1867 546 1896 croceis
563 1863 644 1904 conj.
659 1861 851 1892 Schraderus
866 1860 905 1891 ad
924 1859 1080 1890 Musaeum
1093 1870 1124 1901 p.
1137 1858 1210 1899 289.
1229 1857 1274 1900 [et
1292 1857 1456 1888 Bentleius

135 1920 177 1951 ad
191 1920 314 1949 Lucan.
332 1918 387 1955 IV,
405 1916 501 1959 125.]
527 1915 588 1946 Sed
604 1913 636 1944 in
650 1914 728 1956 reseis
743 1912 815 1954 bigis
831 1921 895 1942 non
910 1917 977 1940 tam
993 1917 1059 1940 erat
1083 1908 1284 1946 haerendum,
1306 1918 1402 1949 quam
1419 1908 1453 1939 in

136 1971 219 2002 mira
249 1968 392 1999 colorum
423 1965 681 2010 temperatione:
706 1963 775 2006 post
806 1963 946 2005 rubescens
973 1972 1074 1998 mare,
1105 1960 1187 2004 rcffeae
1217 1960 1300 2003 bigae
1323 1965 1354 1989 et
1377 1959 1455 1991 lutea

136 2032 262 2056 aurora.
304 2020 312 2026 '

187 2129 348 2178 ιτς-18.
383 2126 596 2166 Admodum
638 2133 762 2162 ornate

138 2180 289 2232 lingula,
340 2179 366 2216 fi
407 2192 490 2216 cum
550 2176 762 2214 Homericis

134 2243 319 2283 compares
337 2229 462 2280 Odyff.
494 2249 528 2273 n,
563 2240 635 2267 212
656 2229 707 2279 sq.
725 2237 761 2265 et

135 2284 312 2334 Apollon.
344 2281 418 2324 IV,
444 2285 516 2333 672
537 2280 614 2330 sqq.
632 2285 762 2331 fhrmae

136 2335 282 2385 luporum
300 2333 414 2382 fimpl.
433 2346 498 2383 pro
515 2330 624 2381 lupiS,
643 2332 759 2368 forma

133 2385 281 2423 dicendi
325 2384 485 2435 po'e'tica,
531 2395 637 2433 quam
680 2383 756 2432 jam

134 2437 223 2475 alibi
277 2435 457 2480 vidimus;
504 2445 540 2472 et
589 2439 759 2484 prccstpia

137 2489 243 2540 paulo
259 2497 339 2525 ante
357 2500 424 2538 pro
447 2486 577 2524 caveis.
605 2485 665 2523 Sic
680 2485 757 2533 jam

137 2540 278 2577 Servius
322 2538 512 2589 explicuit.
594 2536 759 2574 Disceffit

136 2601 253 2628 autern
271 2591 316 2628 ab
334 2592 510 2632 Homero,
527 2588 590 2640 qui
609 2598 758 2625 mutatas

136 2642 199 2679 has
226 2642 316 2679 seras
345 2641 538 2680 humanam
558 2640 758 2677 mansuetu-

136 2693 260 2730 dinem
284 2693 459 2730 servantes
486 2692 697 2731 exhibuerat
729 2691 755 2728 l.

139 2758 174 2783 c.
193 2758 229 2782 v.
252 2756 326 2794 214
341 2745 419 2795 sqq.

194 2808 253 2847 19.
273 2810 333 2835 20.
363 2797 519 2832 induerat
535 2800 570 2831 in
586 2793 703 2832 vultus
720 2809 761 2831 αι·

136 2857 248 2902 terga,
278 2848 317 2886 h.
343 2859 508 2898 corpora,
513 2850 676 2897 serarum
692 2858 759 2897 pro

827 2122 983 2174 vulgari,
1024 2120 1190 2159 induerat
1233 2133 1292 2158 eos
1323 2117 1451 2157 formis

824 2175 993 2212 ferarum.
1022 2174 1070 2210 cf.
1102 2173 1174 2210 Ge.
1196 2172 1228 2214 Ι,
1257 2173 1450 2222 187.188.

817 2234 886 2276 pii,
903 2226 1061 2266 θεοφιλεῖς
1076 2225 1237 2274 adeoque
1251 2223 1321 2260 diis
1339 2234 1448 2259 curae.

823 2278 903 2328 sup.
935 2278 1011 2320 ΙΙΙ,
1041 2277 1113 2328 265
1136 2277 1190 2314 Di
1205 2274 1374 2325 prohibete
1388 2279 1451 2310 mi-

823 2343 910 2366 nas:
940 2332 978 2366 di
1004 2329 1107 2367 talem
1134 2333 1282 2364 avertite
1306 2328 1415 2376 cafitm
1431 2338 1447 2361 :

825 2382 872 2418 Et
890 2380 1023 2431 placidi
1035 2384 1180 2430 strvate
1205 2378 1296 2428 pios.
1352 2376 1448 2413 Mox

826 2436 980 2482 24fuga
999 2445 1062 2481 pro
1078 2430 1186 2468 celeri
1205 2429 1307 2466 cursu
1327 2438 1363 2465 et
1382 2440 1447 2464 na-

825 2483 1023 2534 vigatione,
1057 2493 1118 2519 et:
1144 2487 1370 2531 praetervexit
1386 2491 1448 2516 eos

823 2548 886 2584 per
902 2537 1001 2572 vada
1013 2535 1180 2585 fervida,
1210 2544 1306 2568 mare
1325 2531 1448 2568 aestuo-

824 2586 915 2630 sum,
945 2596 984 2623 ut
1013 2585 1110 2623 cirea
1127 2582 1374 2636 promontoria
1393 2582 1447 2619 so-

822 2636 884 2675 let.

877 2701 898 2727 2
905 2689 1041 2739 5—-28.
1095 2685 1214 2723 Valde
1255 2684 1446 2735 operosum

823 2740 960 2777 cultum
978 2738 1143 2789 adjecisse
1161 2737 1302 2774 videtur
1335 2738 1444 2786 poeta

823 2791 878 2828 his
897 2790 1066 2833 versibus,
1092 2790 1248 2840 primurn
1278 2789 1441 2825 colorum

823 2841 1011 2886 varietate,
1029 2853 1104 2881 tum
1122 2840 1363 2893 epithetorum
1382 2850 1444 2894 eo-

878 2893 908 2933 B
936 2906 958 2931 2
1368 2902 1442 2941 pia,
