1847 3313
415 269 534 316 AD
592 265 943 315 LIBRUM
1000 263 1134 311 VIII.
1338 265 1427 323 263

127 412 189 449 per
207 401 452 452 Tyrrheniam
469 399 698 438 declarantur
723 399 808 450 (lib.
840 398 873 443 Ι,
912 401 1014 449 163),
1045 409 1152 448 quam
1180 403 1283 431 antea
1298 385 1433 429 Umbri

127 461 292 497 tenebant
323 461 372 509 (I,
403 463 483 510 94).
538 460 590 496 At
620 458 830 496 Aristoteles
875 459 975 508 (eod.
1011 471 1045 496 c.
1095 469 1155 500 10,
1182 454 1246 492 lib.
1275 450 1367 494 VII,
1394 461 1433 498 Ρ·

128 521 203 569 584
232 521 286 568 A)
325 521 362 557 τό
388 523 445 565 μὲν
477 520 556 568 vg&
582 519 749 566 Τυῤῥηνιόιν
777 527 812 554 et
840 519 877 554 τὲ
909 519 987 566 ’πξός
1019 518 1074 556 τὴν
1103 514 1281 561 Ἰαπυγίαν
1300 511 1357 548 καί
1377 509 1431 545 τόν

127 578 228 617 Ἰόνιον
262 594 345 618 curn
374 579 543 616 OEnotria
571 578 627 615 seu
651 577 754 613 Italia
788 577 929 627 proprie
960 576 1071 619 dicta,
1103 584 1287 624 tamquam
1319 576 1436 620 partes

127 639 326 684 constituit,
357 641 396 676 in
431 652 580 689 quarum
618 638 737 688 priore
774 637 932 673 Ausones
968 635 1024 672 seu
1063 633 1215 684 Opicos,
1253 632 1291 668 in
1326 629 1435 666 altera

127 700 287 744 Chones,
316 701 379 753 qui
411 713 454 737 ex
489 699 654 736 OEnotris
684 698 830 735 oriundi
859 698 938 735 loca
967 697 1065 734 circa
1084 695 1182 732 Sirin
1201 699 1434 743 occuparant,

126 758 164 795 in
184 761 356 809 postrema
374 761 549 797 OEnotros
568 759 736 796 collocat.
792 758 966 806 Scymnus
984 757 1116 799 Chius,
1135 753 1199 804 qui
1218 752 1281 790 sub
1307 749 1434 790 Attalo

128 820 166 857 Π
195 822 300 866 vixit,
330 822 367 859 in
403 821 571 871 Periegesi
592 821 666 863 sua,
693 819 910 870 antiquiores
928 818 1046 869 potius
1064 830 1172 867 quam
1191 815 1244 851 sui
1265 811 1436 862 temporis

127 881 301 918 rationem
320 881 496 930 sequutuS,
514 880 588 930 post
607 879 773 929 Ligures,
797 877 956 927 Pelasgos
976 890 1058 914 cum
1088 873 1307 924 Tyrrhenis,
1338 871 1434 910 Um-

126 940 222 982 bros,
251 940 430 982 Ausones,
461 938 653 982 Samnites,
683 938 860 980 Lucanos,
889 936 1110 986 Campanos,
1142 931 1332 970 OEnotrios
1348 943 1436 967 enu-

128 1009 262 1035 merat:
293 1003 365 1035 218
399 998 451 1050 sq.
487 998 642 1034 Omnem
680 996 818 1033 Italiam
845 995 999 1032 mediam
1033 1005 1093 1031 aut
1122 1006 1221 1030 oratu
1251 989 1436 1028 Adriatici

128 1060 233 1096 maris
253 1071 315 1109 per
346 1058 542 1096 Umbriam
569 1058 755 1096 declaraffe
784 1057 950 1094 videntur
985 1056 1168 1093 interdum
1201 1053 1436 1103 antiquiores,

129 1132 168 1158 ut
187 1121 224 1158 in
244 1120 331 1164 illis,
351 1134 431 1172 quae
447 1120 492 1156 de
512 1119 736 1156 Umbrorum
763 1119 851 1155 luxu
872 1128 1058 1154 narrantur
1077 1116 1169 1154 ibid.
1204 1129 1237 1152 v,
1260 1115 1334 1164 366
1365 1113 1435 1163 sq„

127 1194 207 1231 quae
224 1179 288 1217 alii
313 1180 358 1216 ad
386 1178 552 1216 Etruscos
572 1179 732 1215 retulere.
789 1179 844 1214 Ita
873 1188 1023 1228 vagatur
1045 1188 1188 1226 quoque
1205 1173 1360 1210 narratio
1390 1173 1437 1209 de

126 1240 312 1278 fertilitate
345 1239 424 1288 agri
455 1238 548 1275 inter
580 1238 740 1274 Umbros
770 1248 804 1274 et
840 1238 1049 1274 Adrianos:
1079 1236 1123 1273 de
1143 1235 1281 1272 Mirab.
1302 1231 1435 1269 Audit.

128 1314 170 1338 21
193 1316 203 1345 3
230 1313 311 1336 narn
332 1299 445 1336 multo
463 1298 570 1334 latius
585 1298 673 1334 olim
706 1297 842 1334 Umbri
873 1298 1081 1334 habitarunt
1114 1295 1223 1345 usque
1253 1293 1298 1330 ad
1328 1302 1437 1330 terras

122 1362 240 1406 postea
260 1358 439 1395 Adrianas
466 1357 592 1394 dista&
645 1358 788 1408 Ausonia
819 1356 1007 1393 Ausonum
1034 1355 1130 1392 sedes
1161 1354 1340 1391 declarare
1366 1353 1436 1389 de-

127 1419 221 1462 buit,
249 1431 329 1468 quae
359 1431 379 1453 a
410 1416 564 1453 Circeiis
600 1416 684 1453 inde
715 1429 777 1466 per
812 1426 928 1453 totum
948 1415 1052 1452 maris
1071 1414 1178 1451 inferi
1197 1413 1297 1450 littus
1315 1413 1436 1463 passim

126 1481 248 1531 sparsae
266 1480 422 1516 fuerunt.
476 1477 613 1515 Eadem
649 1489 683 1515 et
711 1479 832 1517 Ὀπικῆ
865 1479 975 1521 dicia,
1008 1477 1093 1528 quia
1125 1475 1237 1527 Opici
1270 1474 1327 1511 seu
1347 1474 1437 1511 Osci

126 1553 170 1576 ex
191 1538 397 1576 Ausonibus
415 1538 531 1574 fuere:
562 1538 672 1573 modo
690 1537 828 1573 confufi
848 1550 929 1574 cum
950 1537 1008 1580 iis,
1042 1536 1153 1573 modo
1184 1533 1364 1570 distineti:
1398 1547 1436 1571 v.

127 1598 245 1636 strab.
266 1598 317 1640 V,
335 1611 371 1648 p.
393 1609 460 1646 371
487 1596 534 1633 A.
556 1596 598 1638 B,
627 1606 661 1632 et
684 1597 831 1634 Aristot.
852 1597 897 1633 de
916 1596 1010 1646 Rep.
1030 1595 1122 1638 VII,
1156 1608 1216 1638 10,
1233 1607 1268 1644 p.
1292 1597 1358 1645 581
1386 1594 1436 1631 A.

126 1660 284 1709 Hesperia
312 1658 482 1693 Graecum
498 1668 627 1693 nomen
646 1656 692 1692 est
712 1658 875 1693 oninium
896 1666 1068 1692 terrarum
1084 1654 1128 1691 ab
1147 1653 1337 1691 occidente
1355 1653 1438 1690 sita-

127 1732 220 1758 rum.
272 1719 370 1755 Latio
396 1716 510 1767 igitur
538 1717 635 1753 nulla
663 1715 822 1752 nominis
853 1716 1004 1752 varietas
1037 1724 1169 1758 manet,
1201 1727 1308 1764 quam
1338 1714 1437 1763 quod

125 1781 290 1817 Saturnia
308 1777 405 1814 dieta
423 1776 484 1812 est.
539 1774 654 1811 Vides
668 1775 758 1824 jam,
777 1786 993 1825 quantopere
1009 1775 1125 1825 poe'tae
1139 1773 1253 1810 sermo
1269 1772 1312 1809 ab
1331 1772 1439 1809 histo-

128 1838 195 1876 rici
215 1837 413 1875 subtilitate
428 1834 616 1886 discrepet.

180 1897 328 1934 Nomen
346 1905 463 1932 autem
490 1904 591 1931 terrae
610 1895 783 1932 Saturnia>
809 1893 952 1944 proprie
971 1892 1015 1929 ad
1028 1892 1148 1930 locum
1167 1891 1321 1942 aliquem
1339 1891 1438 1928 circa

129 1956 312 2000 Tiberim,
343 1955 465 1992 saltem
484 1953 529 1988 ad
554 1953 691 1990 clivum
719 1965 804 1990 mox
821 1952 1078 2003 Capitolinum
1099 1950 1235 1988 dietum
1251 1950 1439 2001 pertinuit,

127 2016 190 2066 qui
207 2015 252 2052 ab
269 2014 378 2052 initio
407 2014 587 2050 Saturnius
615 2012 809 2063 appellatus
830 2013 876 2049 est
915 2014 963 2059 (v.
994 2010 1148 2060 Dionys.
1171 2011 1206 2054 Ι,
1227 2023 1288 2060 34.
1317 2009 1437 2047 Varro

131 2076 210 2115 LL.
230 2076 304 2119 IV,
323 2089 370 2126 73
398 2073 492 2111 adde
517 2074 643 2111 Aurei.
664 2072 765 2110 Vici.
796 2073 845 2110 O.
872 2071 927 2109 G.
948 2072 995 2109 R.
1027 2084 1064 2120 3,
1092 2070 1156 2108 ubi
1174 2085 1208 2107 v.
1239 2072 1384 2107 Annam
1402 2079 1439 2107 et

128 2135 327 2184 Arnzen.).
380 2134 425 2171 In
439 2146 481 2170 eo
493 2132 686 2170 consedere
701 2132 790 2170 socii
805 2132 976 2169 Herculis
993 2145 1038 2169 ex
1053 2131 1174 2168 Iberia
1192 2131 1353 2176 reducis3
1383 2131 1438 2170 uti

127 2197 279 2233 alterum
304 2203 462 2232 montem
483 2191 684 2229 Palatinum
704 2200 847 2228 tenuere
877 2190 1037 2228 Evandri
1056 2189 1146 2227 socii
1172 2200 1206 2227 et
1226 2188 1376 2226 comites
1392 2203 1437 2227 ex

130 2254 312 2292 Arcadia:
341 2252 392 2290 cf.
423 2251 590 2288 Macrob.
610 2251 628 2287 I
645 2252 717 2287 Sat.
737 2265 775 2302 7,
801 2265 838 2302 p.
873 2264 944 2300 239
964 2250 1021 2287 ed.
1051 2249 1176 2300 Lips.;
1215 2249 1298 2286 inde
1317 2248 1438 2286 vicina

130 2315 232 2365 regio
259 2311 451 2358 Saturnia3
489 2310 550 2347 αῖκ
585 2312 751 2360 Σατεξνία
775 2311 850 2361 jam
870 2310 907 2346 in
926 2310 1074 2347 oraculo
1094 2309 1261 2345 Dodonae
1281 2308 1439 2358 Pelasgis

126 2376 212 2412 dato
228 2381 457 2415 memoratur,
487 2370 586 2419 quod
600 2370 749 2420 quidem
767 2381 895 2405 nornen
915 2381 994 2406 vere
1025 2370 1184 2418 ἐγχώςων
1215 2377 1250 2404 et
1268 2367 1362 2404 forte
1380 2380 1437 2403 ve·

126 2433 348 2471 tustiffimum
377 2431 594 2468 habendum.
622 2443 655 2466 v·
686 2428 838 2478 Dionys.
861 2428 892 2474 I,
926 2442 974 2478 34
1012 2430 1067 2479 (p.
1090 2431 1168 2478 27).
1200 2430 1246 2476 38
1278 2431 1329 2477 (p.
1352 2429 1433 2476 30).

129 2494 179 2532 cf.
207 2492 338 2543 Justin.
373 2489 523 2533 XLIII,
562 2503 604 2534 13
625 2489 727 2526 add.
756 2487 843 2526 alios
861 2501 919 2539 ap.
951 2488 1109 2525 Cerdam
1137 2487 1183 2524 ad
1201 2487 1314 2531 VIII,
1348 2489 1436 2538 35¹8.

131 2551 290 2601 Qando
309 2560 425 2587 autem
458 2559 534 2586 tota
566 2548 672 2586 Italia
699 2561 741 2586 eo
761 2548 905 2585 nomine
922 2548 1137 2592 declaratur,
1172 2548 1218 2584 ad
1246 2551 1436 2597 poetarum

128 2613 197 2650 hoc
214 2624 348 2649 morem
368 2610 591 2647 referendum
611 2618 701 2651 erat,
734 2622 821 2651 non,
845 2618 884 2645 ut
904 2607 1098 2658 Dionysius
1127 2607 1261 2657 aliique
1280 2606 1436 2653 faciunt,

131 2670 306 2711 historicis
335 2682 451 2707 rerum
480 2668 700 2720 argumentis
728 2667 1050 2708 annumerandum.
1102 2665 1286 2718 Virgilius
1316 2666 1437 2717 itaque

1272 2726 1438 2777 praeclare
