1847 3313
415 248 832 309 AENEIDOS,
881 249 1033 299 LIB.
1084 248 1195 298 VII.
1385 266 1440 316 ις

135 383 309 423 versarius
347 381 471 421 AEneae
504 382 750 433 objiciendum

137 436 235 473 Cum
273 443 393 472 autem
423 434 510 472 huic
539 434 645 471 semel
667 434 752 471 effet

135 487 273 524 tributa
288 486 399 524 virtus
413 499 495 523 cum
514 485 703 535 prudentia
716 495 752 522 et

136 537 333 575 constantia
348 537 475 582 animi,
493 550 601 587 quam
615 549 667 573 res
686 536 753 573 ad-

135 589 244 627 verfie
260 599 296 626 et
314 602 430 626 rerum
462 588 542 625 usus
558 597 594 625 et
611 587 754 637 experi-

136 640 236 677 entia
263 639 387 676 afferre
423 639 539 676 solett
594 638 755 676 violenta

138 690 201 728 illa
218 701 254 729 et
289 691 479 728 temeraria
498 690 680 728 fortitudo
717 690 755 726 in

136 742 289 780 AEneam
316 756 389 779 non
417 742 588 785 cadebat,
624 741 755 778 Turno

138 794 293 851 relinqui
325 803 477 844 poterat.
532 793 668 829 Annon
684 792 757 828 La-

136 858 260 890 Vlnlae,
295 845 318 881 fi
341 845 494 882 liberum
527 854 603 881 erat
629 842 757 902 puella:

139 896 348 941 arbitrium,
377 896 618 945 praeferendus
637 894 755 932 fuisset

139 947 311 985 Turnus:
342 948 487 996 quaestio
501 947 548 983 est
567 959 612 983 ex
631 946 757 983 nostris

138 999 302 1036 moribus
347 998 578 1056 ingeniisque
628 997 755 1047 petita,

136 1063 212 1089 non
230 1064 274 1088 ex
305 1050 462 1087 heroicae
485 1050 571 1087 vitae
605 1048 756 1086 severio-

139 1102 238 1139 ribus
272 1101 309 1138 in
343 1102 540 1139 femineum
559 1099 712 1138 sexum
702 1113 756 1137 1n-

140 1154 283 1190 stitutis.
330 1153 411 1191 Nec
430 1166 514 1190 vero
534 1151 667 1189 Latino
684 1151 757 1188 dis-

140 1204 298 1254 plicebat
311 1205 473 1248 Turnus,
485 1203 656 1255 probatus
667 1216 756 1253 quo-

141 1270 212 1305 que
247 1256 381 1294 eximie
423 1258 474 1303 (V.
509 1268 543 1294 c,
581 1255 676 1298 XII,
713 1267 758 1305 19

139 1308 218 1358 sqq.
225 1311 269 1356 )·
258 1337 270 1353 ‚
320 1307 499 1359 prodigiis
539 1316 679 1343 tantum
722 1317 759 1344 et

141 1360 289 1397 monitis
308 1361 457 1396 deorum
477 1367 666 1395 externum
697 1371 761 1408 ge-

140 1422 267 1448 nerum
301 1411 368 1448 fibi
395 1409 654 1448 asciscendum
692 1410 759 1447 effe

132 1460 285 1499 Latinus
299 1461 539 1499 intellexerat.

197 1512 348 1550 Potuere
377 1512 500 1562 utique
531 1511 630 1548 esse
620 1526 659 1548 m
690 1514 759 1552 AE-

142 1563 264 1608 neide‚
279 1577 359 1614 quae
377 1563 495 1601 minus
514 1562 548 1599 se
566 1563 760 1612 probarent

143 1615 274 1660 Vario,
305 1614 456 1660 Tuccae,
486 1613 683 1651 Maecenati
704 1616 761 1652 vel

141 1666 339 1717 Augusto.
369 1667 448 1703 sunt
477 1677 622 1715 quoque
639 1666 762 1716 paffim

143 1728 267 1755 notata
281 1731 300 1754 a
315 1717 422 1755 nobis
440 1717 658 1759 nonnulla,
648 1717 762 1767 inpri-

143 1770 212 1806 mis
229 1769 266 1806 in
284 1769 436 1806 deorum
458 1767 683 1812 ministeriis,
702 1782 764 1819 pa-

142 1833 223 1859 rum
242 1819 426 1858 subtiliter
444 1819 595 1870 digesta,
607 1819 692 1863 alia,
707 1821 764 1856 in-

142 1870 272 1922 primis
290 1872 329 1908 in
366 1870 604 1930 sermonibus,
641 1871 763 1909 rheto-

141 1936 220 1960 rum
257 1923 409 1974 argutiis
441 1922 646 1972 inquinata,
682 1936 762 1972 quae

142 1973 340 2026 displicere
374 1975 543 2024 pofl'unt:
589 1974 648 2010 sed
683 1974 760 2011 haec

142 2026 319 2077 profesto,
338 2039 417 2076 quae
429 2025 536 2063 nostri
557 2025 623 2062 aevi
640 2025 762 2063 critici

140 2077 446 2134 reprehendenda
472 2086 659 2127 putarunt,
699 2077 763 2114 ista

141 2139 243 2166 aetate
262 2128 325 2165 vix
343 2128 382 2166 in
412 2127 631 2178 vituperium
659 2141 763 2165 vene-

142 2189 253 2217 runt·
245 2208 254 2223 ‚
286 2193 351 2217 nec
366 2179 516 2216 omnino
529 2193 612 2217 cum
628 2191 763 2216 naturae

143 2231 375 2281 simplicitate
393 2241 428 2268 et
448 2231 658 2282 integritate
676 2244 762 2270 con·

136 2284 285 2334 juncia,
314 2295 440 2322 verum
468 2295 512 2323 ex
538 2283 662 2322 nostra:
680 2282 764 2323 vitae

819 382 967 420 fastidio
980 391 1016 420 et
1027 382 1209 420 stomacho
1222 381 1330 420 dueta
1346 382 1443 421 sunt.

823 434 864 472 Si
898 435 960 472 sex
993 434 1204 484 posteriores
1238 434 1327 471 libri
1364 447 1440 471 non

821 499 922 536 aeque
958 485 1196 523 delectatione
1225 494 1346 522 tenent
1365 485 1444 521 ani-

822 551 900 595 mos
915 550 1056 587 magnae
1070 537 1244 573 lectorum
1256 536 1385 586 partis,
1399 549 1442 573 ac

823 588 989 646 priores·
1021 588 1153 631 caussas
1170 590 1246 636 ejus
1263 588 1315 625 rei
1335 588 1444 626 facile

821 639 991 690 equidem
1009 638 1194 689 affequor3
1223 638 1377 684 scilicet,
1402 648 1445 676 ut

821 705 866 728 ne
885 691 1064 749 impetum
1085 690 1215 736 animi,
1234 689 1372 728 sublata
1389 690 1443 727 rei

820 742 1000 786 novitate,
1032 742 1192 779 retusum
1218 754 1444 780 commemo-

820 806 912 841 rem,
941 793 988 830 ad
1019 793 1078 830 sex
1097 792 1310 844 posteriores
1329 793 1442 831 libros

820 839 1081 902 intelligendos
1114 846 1232 902 major
1271 844 1445 883 doctrina:

818 895 916 932 haud
939 895 1095 945 vulgaris
1124 909 1231 946 copia
1255 908 1444 947 rerumque

818 947 976 997 antiquae
1000 947 1117 986 Italiae
1142 947 1290 985 scientia
1320 948 1444 997 requi-

820 998 936 1036 ritur·
928 1027 937 1042 ,
975 998 1004 1035 is
1022 1009 1156 1041 autem,
1193 998 1256 1048 qui
1284 998 1321 1035 in
1340 999 1444 1037 rebus

820 1050 979 1088 versatur
991 1049 1150 1087 obscuris
1164 1063 1361 1101 parumque
1379 1064 1444 1088 no-

820 1102 866 1138 tis
881 1102 1044 1152 adeoque
1058 1102 1284 1144 difficilibus,
1309 1101 1373 1139 ubi
1389 1103 1445 1139 la-

820 1152 920 1190 boris
950 1154 1112 1191 molestia
1141 1154 1361 1203 voluptatem
1388 1154 1446 1191 in-

820 1204 982 1254 tercipit,
993 1214 1027 1241 et
1040 1204 1287 1255 ingravescens
1297 1205 1443 1243 tandem

823 1257 973 1293 taedium
1000 1256 1134 1294 librum
1153 1269 1261 1293 manu
1289 1258 1446 1301 excutit,

822 1321 895 1345 non
910 1306 1017 1344 facile
1030 1308 1105 1356 ejus
1124 1307 1174 1344 rei
1190 1309 1342 1345 caussam
1358 1308 1396 1346 in
1409 1309 1445 1346 se

821 1360 991 1396 latentem
1009 1359 1186 1409 agnoscit,
1215 1359 1276 1396 sed
1295 1360 1333 1396 in
1363 1374 1447 1397 auc-

823 1421 900 1448 tore
916 1410 985 1454 rei,
1003 1423 1084 1460 quae
1098 1411 1247 1448 taedium
1261 1412 1446 1457 afferebat,

824 1462 965 1512 reperit.
1023 1463 1128 1500 Adeo
1159 1462 1310 1499 difficile
1338 1464 1446 1501 estin

823 1513 859 1550 se
893 1513 1123 1558 descendere,
1154 1522 1191 1551 et
1220 1514 1356 1564 judicii
1388 1515 1445 1553 sui

823 1565 956 1601 cauffas
973 1565 1160 1615 exquirere
1175 1567 1350 1603 occultas.
1381 1568 1447 1605 Al-

824 1626 899 1652 tera
919 1624 1038 1653 tamen
1057 1629 1102 1653 ex
1120 1626 1220 1667 parte
1240 1617 1285 1661 is,
1303 1617 1366 1666 qui
1386 1632 1449 1656 an-

825 1667 1007 1717 tiquarum
1028 1680 1144 1704 rerum
1164 1668 1316 1706 lefflone
1327 1670 1448 1707 delec-

825 1727 936 1761 tatur,
955 1728 990 1755 et
1009 1729 1082 1756 tam
1101 1719 1287 1769 ingeniose
1304 1733 1326 1756 a
1340 1726 1449 1771 poeta

824 1779 860 1806 et
878 1769 1062 1807 sollerter
1052 1783 1241 1807 innumera
1262 1783 1308 1807 ex
1334 1772 1450 1810 ltaliae

825 1820 1043 1871 antiquitate
1068 1823 1267 1859 commodo
1285 1822 1368 1860 loco
1386 1838 1452 1874 po-

822 1872 891 1908 fita
903 1883 940 1912 et
967 1873 1013 1910 ad
1033 1873 1138 1910 finem
1159 1874 1302 1924 epicum
1322 1885 1450 1913 attem

826 1935 947 1974 perata
962 1922 1234 1969 animadvertit,
1247 1938 1319 1962 non
1332 1927 1451 1965 minus

827 1975 1013 2013 recordari
1030 1977 1164 2014 debet:
1195 1990 1366 2028 magnam
1382 1979 1450 2016 hu-

822 2027 881 2076 jus
899 2027 1093 2084 voluptatis
1120 2012 1278 2078 partemo
1284 2042 1356 2066 non
1376 2041 1451 2068 tam

827 2077 874 2114 ab
898 2077 976 2129 ipso
994 2079 1170 2123 carmine,
1201 2093 1308 2129 quam
1327 2094 1347 2117 a
1363 2081 1452 2120 doc·

828 2128 931 2166 rrinae
966 2131 1095 2181 copiis,
1138 2130 1360 2169 difficultatis
1392 2133 1450 2171 su-

827 2191 957 2238 peratae
983 2182 1098 2225 sensu,
1133 2181 1360 2232 antiquitatis
1379 2185 1450 2222 stu·

827 2231 955 2323 gioset
964 2246 1098 2280 amore,
1112 2243 1148 2273 et
1166 2247 1245 2286 quae
1262 2235 1348 2281 alia,
1365 2248 1448 2288 pro·

853 2296 888 2322 ei
906 2296 939 2322 ci
