1847 3313
363 251 481 303 AD
538 247 915 302 LIBRUM
971 243 1033 301 X
1261 269 1352 318 493

48 398 115 428 nas
134 390 232 428 nullo
258 388 370 427 modo
388 401 472 426 cum
493 388 712 426 Graecorum
733 387 844 424 Ocno
862 387 910 424 est
925 385 1219 430 confundendus,
1246 399 1357 436 quem

46 448 87 487 in
120 451 210 488 locis
239 448 367 487 inferis
398 449 627 485 collocarunt
657 445 822 483 nonnulli
854 459 900 482 ex
936 446 1068 495 poetis,
1122 444 1279 483 Diversa
1308 445 1358 482 de

50 512 160 548 Ocno
179 510 269 548 alios
295 521 331 546 et
358 508 406 545 de
431 509 599 545 Mantuae
624 506 768 558 origine
797 506 997 550 tradidisse,
1025 519 1071 543 ex
1097 506 1227 543 Servio
1251 505 1298 542 acl
1318 520 1357 543 v.

51 572 120 619 198
141 569 270 620 colligi
289 568 404 618 potest
425 582 436 611 ς
465 567 616 604 fuerunt
638 567 735 604 enim
756 564 818 616 qui
838 565 1040 602 Bononiam
1070 578 1232 616 quoque,
1267 565 1357 603 olim

51 630 247 673 Felsinam,
266 629 312 666 ab
327 641 371 665 eo
385 626 572 664 conditam
594 625 779 663 traderent
797 639 806 662 ε
836 634 874 662 at
899 625 1092 662 Mantuam
1107 638 1127 662 a
1142 625 1359 663 Tarchonte

10 704 13 708 ·
47 690 234 728 conditam
255 696 493 726 narraverant
507 686 585 728 alii,
601 687 874 735 Mantuamque
894 684 979 722 ideo
998 685 1242 729 nominatam,
1256 685 1357 736 quod

49 750 203 788 Etrusca
233 750 360 800 lingua
391 747 537 783 Mantus
570 744 639 785 Dis
658 755 765 795 pater
791 746 854 787 est,
884 744 945 781 cui
963 745 1089 781 urbem
1115 745 1358 783 consecravit,

49 810 141 860 Qae
155 808 353 859 sequuntur
376 819 414 843 v.
444 817 645 853 201—-203
676 803 827 840 Mantua
845 805 950 841 dives
967 808 1052 841 avis
1067 820 1078 841 :
1094 806 1165 852 sed
1178 820 1240 842 non
1250 821 1358 856 genus·

45 867 195 906 omnibus
230 882 327 905 unum
346 881 357 911 ;
401 866 491 903 Gens
510 863 561 901 illi
579 862 720 914 trzfflex,
737 862 854 913 populi
875 863 944 911 sub
959 876 1058 913 gente
1075 869 1248 914 quaterni,
1277 867 1357 916 Ipsa

46 938 149 978 caput
162 927 311 979 populis,
346 923 448 974 Tasta
463 927 503 962 de
522 927 692 982 sizngujne
711 927 823 965 vires,
852 923 1049 972 plurimum
1070 924 1206 961 habent
1226 925 1355 963 obscu-

47 987 181 1025 ritatis.
236 985 357 1024 Servii
385 994 472 1022 nota
493 983 539 1021 ad
559 996 598 1020 v.
629 995 696 1019 201
734 992 771 1020 et
805 995 878 1019 202
910 982 1110 1020 admodum
1129 994 1302 1034 corrupta
1319 995 1357 1023 et

45 1047 199 1085 obscura
231 1047 295 1089 est,
323 1056 360 1083 et
386 1054 567 1095 quantum
599 1043 771 1094 intelligo
803 1057 849 1081 ex
869 1042 963 1079 binis
985 1043 1354 1093 interpretationibus

46 1107 198 1145 diversis
217 1107 388 1146 conflata.
445 1105 575 1143 Altera
588 1104 666 1141 haec
684 1118 692 1141 :
723 1113 762 1140 ut
789 1104 942 1140 Mantua
960 1114 1028 1140 tres
1057 1103 1216 1142 habuerit
1229 1105 1356 1149 tribur,

47 1182 125 1219 qaae
139 1172 176 1206 in
191 1178 371 1221 quaternas
385 1169 498 1203 curias
513 1164 779 1202 dividebantur.
825 1162 883 1199 Ita
901 1162 1062 1200 dicerem
1080 1163 1143 1200 sub
1159 1164 1357 1205 Gallorum

47 1228 290 1266 incursionem
318 1224 488 1264 Etruscos
508 1237 553 1261 ex
570 1223 708 1261 caeteris
738 1222 792 1260 XI
820 1222 1034 1260 civitatibus
1061 1222 1356 1274 circumpadanis

52 1288 250 1326 Mantuam
264 1285 486 1328 confluxisse,
512 1294 548 1322 et
563 1283 665 1321 fuisse
684 1283 721 1320 in
742 1294 814 1320 tres
834 1283 949 1320 tribus
968 1282 1183 1333 descriptos,
1201 1299 1356 1336 quarum

47 1361 200 1398 quaeque
229 1357 387 1398 quatuor
405 1346 531 1384 demos
549 1345 718 1387 haberet,
751 1357 841 1393 quos
870 1343 1054 1394 Virgilius
1081 1346 1215 1394 populos
1246 1347 1356 1386 dixit,

49 1412 191 1448 Verum
209 1410 257 1446 fic
285 1421 358 1446 non
376 1415 524 1458 poterat
548 1405 706 1442 Mantua
731 1404 805 1442 dici
834 1413 934 1454 caput
951 1404 1004 1441 his
1017 1405 1160 1455 populis.
1192 1408 1358 1459 ›Attigit

47 1469 170 1508 iocum
191 1470 254 1520 Jo.
271 1469 336 1506 Fr.
356 1465 572 1504 Gronovius
593 1465 638 1502 ad
651 1465 739 1502 Liv.
759 1465 811 1506 V,
833 1478 894 1514 34.
917 1477 935 1514 3
943 1477 961 1515 5
985 1474 1020 1502 et
1042 1478 1175 1515 gentem
1193 1468 1358 1518 triplicem

48 1529 186 1580 accipit
219 1539 292 1566 tres
332 1527 516 1577 regiones.
572 1525 698 1563 Docet
734 1523 796 1562 ille
827 1523 975 1574 quidem
1004 1537 1049 1561 eo
1078 1526 1161 1563 loco
1194 1527 1357 1578 copiose,

40 1601 162 1639 gentes
189 1599 226 1625 et
247 1587 384 1639 populos
411 1586 502 1637 saepe
520 1584 698 1636 conjungi
716 1583 814 1635 apud
832 1583 1040 1633 scriptores,
1060 1596 1096 1622 et
1116 1597 1244 1636 patere
1261 1601 1357 1639 gen·

46 1661 123 1688 tem
141 1650 262 1692 latius,
293 1661 338 1685 ac
357 1648 453 1698 poffe
475 1647 539 1684 sub
565 1646 600 1684 se
628 1644 940 1696 comprehendere
960 1645 1081 1694 plures
1101 1647 1273 1697 populos,
1307 1649 1355 1686 de:

47 1723 124 1762 quo
142 1722 251 1749 nemo
269 1709 379 1748 facile
406 1708 567 1746 dubitet.
620 1706 764 1745 Verum
782 1707 858 1742 haec
875 1704 999 1743 omnia
1023 1706 1272 1757 Virgilianum
1300 1709 1356 1746 lo-

47 1784 132 1809 cum
148 1784 275 1822 parum
291 1767 503 1819 expediunt.
550 1768 579 1804 F
583 1780 626 1804 ac
645 1766 744 1804 enim
759 1767 828 1803 hoc
846 1765 899 1802 ita
912 1764 948 1802 se
965 1765 1100 1803 habere
1118 1780 1126 1802 :
1157 1769 1357 1806 Mantuam

53 1834 150 1881 (aut,
170 1831 269 1882 quod
287 1829 430 1872 malim,
450 1842 581 1880 agrum
601 1826 868 1874 Mantuanum)
903 1826 1064 1863 habuiss'e
1079 1838 1151 1864 tres
1169 1829 1356 1881 regiones,

49 1898 207 1940 quarum
238 1903 393 1941 quaeque
427 1889 631 1926 contineret
663 1897 821 1938 quatuor
851 1886 1008 1937 populos
1046 1888 1103 1938 (h.
1137 1900 1357 1931 conventus,

48 1951 190 2001 δήμω),
232 1966 279 1990 an
300 1952 343 1989 de
361 1951 480 2002 prisco
506 1952 674 1988 Mantuae
705 1951 794 1987 statu
824 1948 869 1986 fic
889 1948 1025 1986 constat
1044 1950 1203 1989 melius?
1243 1965 1291 1989 an
1317 1951 1358 1989 in

49 2024 175 2050 vetere
194 2013 342 2050 historia
361 2013 559 2064 quicquam
579 2013 643 2056 est,
679 2010 778 2062 quod
800 2022 884 2048 cum
903 2021 948 2045 ea
980 2011 1246 2049 memoratione
1265 2025 1359 2050 con-

49 2073 207 2112 sentiat?
254 2074 339 2111 Nec
369 2085 456 2110 vero
474 2072 596 2110 versus
614 2071 824 2122 praecedens
842 2069 1038 2107 convenit:
1075 2071 1229 2109 Mantua
1257 2074 1359 2110 dives

49 2138 160 2178 avis3
188 2134 279 2184 quid
299 2134 397 2171 enim
423 2133 479 2171 his
500 2145 583 2170 cum
602 2131 867 2191 illaqdivifione
893 2130 931 2167 in
962 2130 1133 2181 regiones
1161 2145 1360 2170 commune

48 2194 127 2231 est?
172 2194 371 2232 Cluverius
401 2193 439 2231 in
459 2193 544 2231 Ital.
575 2202 650 2230 ant.
683 2205 720 2241 p.
756 2205 847 2244 255,
882 2191 946 2228 etfi
974 2192 1129 2242 populos
1158 2203 1360 2243 quaternos

48 2254 194 2305 prorsus
222 2253 404 2305 explodit,
434 2264 623 2304 tamquam
649 2254 768 2304 poe'tae
794 2261 1058 2305 commentum,
1096 2265 1171 2303 quo
1197 2253 1359 2292 diversas

48 2314 214 2353 historias
233 2314 450 2365 compilatas
467 2313 677 2351 miscuerit:
702 2322 834 2363 gentem
862 2322 983 2349 tamen
1003 2312 1167 2362 triplicem
1194 2313 1362 2364 agnoscit

47 2386 85 2413 et
105 2374 152 2412 ad
170 2375 332 2425 triplices
350 2375 499 2412 colonos
519 2374 647 2416 refiert,
678 2373 742 2424 qui
762 2373 961 2410 Mantuam
987 2373 1210 2412 insederunt.
1266 2375 1293 2411 F
1300 2387 1359 2412 ue-

49 2445 133 2473 runt
151 2435 250 2472 enim
267 2435 477 2473 conditores
502 2434 600 2472 urbis
621 2433 787 2472 Etrusci:
816 2432 860 2470 iis
879 2446 925 2471 ex
944 2434 1042 2485 agris
1060 2435 1358 2483 circumpadanis

49 2494 220 2544 expulsis,
249 2493 352 2532 Galli
376 2495 504 2532 urbem
533 2503 727 2531 tenuerunt
746 2502 809 2530 aut
828 2492 989 2531 Etruscis
1009 2493 1155 2531 fuerunt
1174 2493 1330 2532 admixti
1348 2508 1359 2538 ;

53 2554 202 2593 tandem
221 2566 267 2592 ex
287 2554 450 2593 finitimis
464 2554 621 2593 Venetis
641 2554 804 2591 nonnulli
820 2552 918 2591 inter
936 2552 1037 2591 cives
1057 2553 1230 2605 adscripti
1245 2553 1359 2591 fuere.

51 2615 108 2652 Ea
127 2627 216 2652 vero
232 2615 326 2652 ratio
342 2628 410 2652 nee
429 2614 520 2652 illud
538 2614 688 2665 expedit
705 2628 715 2651 z
759 2615 863 2651 dives
880 2617 966 2651 avis
983 2628 993 2658 ;
1021 2627 1089 2652 nec
1119 2613 1273 2662 reliqua,
1302 2614 1360 2651 in-

50 2674 181 2726 primis
199 2675 298 2714 hoc:
326 2675 394 2713 illa
409 2686 510 2726 caput
533 2675 678 2726 populis.
734 2674 882 2711 Servius
911 2673 958 2710 ad
989 2687 1026 2711 v.
1057 2685 1125 2711 201
1159 2674 1318 2724 primum
1340 2687 1361 2712 a

48 2734 258 2779 Thebanis,
286 2735 418 2773 deinde
436 2748 459 2773 a
474 2736 619 2778 Tuscis,
639 2734 825 2773 noviffime
845 2748 866 2772 a
886 2734 1025 2778 Gallis,
1051 2735 1125 2777 vel,
1158 2743 1196 2771 ut
1217 2734 1279 2772 alii
1306 2735 1361 2772 dia

49 2806 154 2839 cunt,
173 2808 196 2834 a
212 2796 476 2842 Sarsinatibus,
494 2797 559 2849 qui
581 2797 730 2838 Perufiae
749 2796 1002 2842 consederant,
1031 2795 1220 2837 conditam
1238 2808 1362 2835 narrar

1136 2855 1332 2894 Mantuam
1352 2869 1361 2892 τ
