1847 3313
370 287 463 336 450
562 273 614 320 P.
652 265 1033 320 VIRGILII
1091 261 1489 320 M'ARONIS‘

373 412 502 458 Tum
523 423 666 473 caput
690 411 865 457 orantis
890 412 1229 474 nequidquam,
1250 423 1297 458 et
1312 411 1462 458 multa
1479 403 1691 475 paranti-s

372 501 559 556 Dicere,
575 499 794 546 deturbat
813 513 971 553 terroe;
999 513 1315 564 truncumque
1332 515 1574 565 tepentem
1596 515 1617 564 5
1628 515 1650 564 5
1660 514 1687 564 5.

372 588 673 644 Prmolveus,
697 587 951 649 superhaec
979 587 1177 634 inimico
1193 590 1383 651 peelore
1408 591 1558 638 fatur:

375 678 482 725 Istic
509 696 648 736 nunc,
672 679 936 735 metuende,
952 677 1075 743 jace.
1126 679 1239 726 Non
1264 694 1310 727 te
1332 681 1517 744 optima
1539 693 1697 729 mater

376 767 563 814 Condet
581 768 730 824 humi,
755 767 965 830 patriove
984 767 1197 813 onerabit
1216 769 1432 815 membra
1451 768 1690 832 sepulcro:

376 856 587 902 Alitibus
612 857 823 918 linquere
847 856 981 910 scris;
1018 868 1098 902 aut
1121 857 1313 920 gurgite
1335 858 1540 906 mersum

381 945 523 992 Unda
544 944 676 1002 feret,
701 945 942 1008 piscesque
959 942 1127 1007 inpasti
1144 947 1333 993 volnera
1348 948 1575 997 lambent.
1601 950 1696 1012 560

380 1034 609 1081 Protcnus
626 1035 854 1082 Antaeum
870 1047 915 1081 et
932 1034 1130 1092 Lucam,
1148 1035 1304 1099 prima
1319 1038 1511 1100 agmina
1527 1038 1699 1097 Turni,¹

424 1175 501 1204 554.
526 1167 606 1197 ‘Tunc
625 1165 723 1196 Goth.
736 1172 808 1196 tert.
855 1166 927 1196 Cum
941 1175 992 1207 pr.
1039 1174 1069 1195 ct*
1084 1166 1175 1208 plura
1186 1168 1319 1208 parantis
1332 1167 1445 1210 Hiscere
1460 1167 1695 1201 Parrhas.-—--

382 1226 457 1255 555.
479 1218 612 1259 deturpat
637 1228 654 1246 a
672 1227 715 1249 in.
745 1227 793 1258 pr.
825 1216 942 1248 Medic.
991 1226 1180 1259 truncumque
1207 1226 1317 1260 repente
1339 1218 1454 1261 vulgg.
1502 1221 1547 1250 At
1562 1229 1699 1264 tepentem

380 1268 447 1309 jam
464 1276 556 1298 antea
573 1267 692 1299 lec‘lum
708 1269 740 1299 in
760 1267 955 1299 Commelin.
985 1268 1096 1299 Heius.
1124 1278 1141 1299 e
1158 1269 1282 1301 Medic.
1311 1278 1344 1300 et
1369 1269 1450 1308 aliis,
1471 1271 1571 1302 etiam
1595 1271 1694 1303 Pierii

383 1331 419 1350 ac
449 1321 508 1350 Ge.
538 1319 680 1350 Fabricii.
722 1328 860 1362 petentem
888 1320 986 1349 Rom.
1025 1318 1165 1359 jacentem
1192 1327 1267 1350 tert.
1296 1320 1446 1358 Moret.;
1468 1321 1582 1354 Heius.
1611 1321 1701 1363 coni-

385 1380 570 1413 truncumque
600 1379 748 1414 repentem,
778 1369 873 1400 nimis
895 1369 1039 1401 erudite!
1129 1368 1203 1408 556.
1229 1371 1406 1401 Pervolvens
1431 1370 1554 1412 aliquot
1582 1373 1698 1403 Burm.

385 1432 489 1459 —-—-5
493 1431 546 1460 57.
573 1434 644 1453 nunc
659 1434 669 1453 .·
693 1434 742 1452 non
764 1431 824 1464 pro
840 1430 908 1450 var.
934 1419 1009 1451 leel.
1028 1429 1075 1461 pr.
1096 1419 1216 1450 Hamb.
1262 1421 1352 1452 Nunc
1379 1429 1404 1450 te
1430 1428 1510 1453 vett.
1542 1422 1613 1454 edd.
1643 1427 1716 1465 ap.‘

386 1474 471 1505 Pier.
515 1476 596 1505 Nam
613 1482 638 1503 te
654 1474 760 1514 Sprot.
807 1481 834 1503 te
849 1470 959 1502 multis
985 1469 1080 1502 abest.

386 1531 418 1554 et
430 1523 566 1554 Dorvill.
607 1524 759 1565 patrioque
775 1521 933 1553 nonnulli.

1168 1470 1243 1509 558.
1269 1472 1351 1502 humo
1379 1472 1496 1503 Medic.
1521 1483 1539 1503 a
1561 1483 1606 1505 m.
1633 1473 1699 1507 sec.

968 1521 1101 1554 onerabat
1111 1520 1173 1551 duo
1187 1522 1297 1553 Burm.
1339 1524 1470 1552 oneravit
1483 1522 1568 1555 Gud.
1615 1536 1703 1555 orna-ff

388 1574 427 1604 bit
444 1575 573 1614 Hugen.
590 1582 608 1602 a
625 1583 671 1603 m.
688 1572 747 1604 sec.
793 1571 939 1602 honorabit
954 1570 1108 1609 Dorvill„
1132 1577 1163 1601 ct
1193 1572 1317 1602 onerabit
1342 1572 1567 1604 emendaverat
1583 1574 1702 1606 Acida-

385 1624 448 1655 lius
463 1634 513 1664 ap.
531 1621 641 1652 Heins.
688 1621 813 1652 Scilicet
828 1621 1061 1653 recordandum
1080 1621 1134 1658 est,
1151 1621 1313 1665 sepulcrum
1339 1620 1377 1651 h.
1403 1621 1423 1652 l.
1453 1622 1513 1653 effe
1528 1624 1707 1664 tumulum,-

389 1686 453 1717 quo
469 1674 544 1704 alias
560 1680 704 1704 mortuus
719 1672 836 1703 dicitur
854 1674 956 1716 premi,
971 1682 1044 1702 cum
1069 1671 1124 1702 sub
1141 1682 1178 1702 eo
1203 1672 1350 1702 conditus
1362 1672 1462 1713 jacet3
1487 1683 1545 1714 pro
1564 1676 1705 1715 membre,

390 1726 501 1763 umbra,
514 1724 613 1755 Goth.
625 1731 699 1755 tert.
784 1732 863 1766 559.
877 1724 983 1767 liquere
994 1722 1131 1754 Dorvill.
1145 1733 1164 1753 a
1180 1731 1223 1753 m.
1236 1722 1293 1754 sec.
1309 1733 1312 1736 ’
1382 1722 1459 1763 561.
1476 1725 1620 1757 Antheum
1631 1729 1703 1758 Me-

1635 1778 1701 1812 dic.

393 1902 483 1931 reret
513 1908 578 1931 nec
597 1891 731 1930 retrahi
751 1892 856 1930 facile
875 1892 1011 1941 posset.
1000 1904 1010 1912 ·

392 1945 479 1982 hinc
500 1945 628 1981 AEneas
641 1954 781 1993 arrepto
800 1943 916 1980 statim
935 1943 1015 1980 ense

393 2008 500 2047 caput
511 1996 650 2046 dejicit
705 1995 847 2032 Seruus
859 1997 1013 2044 impedit:

394 2062 468 2085 non
488 2062 530 2099 pe
514 2048 660 2090 rmilit,
691 2046 768 2084 usui
785 2047 850 2083 esse
868 2047 913 2082 ad
932 2059 1016 2096 pro-

394 2100 590 2150 tegendum
630 2097 863 2164 Tarquitum.
934 2098 1016 2135 Nec

395 2151 502 2188 aliter
544 2150 676 2188 Cerda.
739 2148 875 2186 Verum
911 2159 1018 2200 caput

397 2216 522 2252 parum
542 2212 660 2238 tuetur
674 2200 788 2238 lorica
800 2199 1018 2250 clipeusque,

395 2255 456 2291 sed
487 2255 603 2303 galea.
658 2252 717 2289 Est
746 2262 865 2288 autem
891 2251 1019 2302 exqui-

395 2306 459 2343 fite
485 2305 646 2342 difflum:
675 2306 809 2342 loricam
826 2314 858 2341 et
884 2303 1020 2353 clzpeum

396 2358 528 2407 impedtt
541 2356 652 2405 hasta,
668 2368 732 2406 pro
747 2355 910 2405 vulgari:
939 2354 1022 2404 has

396 2421 467 2446 mm
496 2409 625 2457 tmpedit
655 2408 782 2445 lorica:
811 2419 894 2443 nam
923 2406 1022 2442 hasta

397 2459 574 2510 impedita
608 2468 644 2496 et
673 2459 748 2495 fixa
763 2467 924 2494 tenet-ur:
954 2457 1020 2494 fie-

398 2524 468 2562 que
498 2519 535 2547 et
563 2509 636 2560 ipse
663 2509 800 2566 clipeus
826 2507 1020 2559 impeditus

396 2564 460 2607 est,
496 2575 560 2599 nec
579 2561 691 2598 libere
718 2572 795 2611 regl
823 2573 863 2597 ac
882 2573 1020 2597 moveri

397 2615 537 2672 potest:
565 2612 618 2650 cf.
636 2612 703 2650 inf
724 2624 812 2662 794.
831 2624 918 2662 795.
949 2612 1021 2648 Sed

396 2679 437 2703 m
473 2665 543 2709 his,
588 2678 667 2714 quae
701 2675 884 2713 reclproca
925 2662 1021 2706 sunt,

398 2721 516 2767 poeltae
550 2715 644 2752 illud
676 2715 885 2765 sequuntur,
919 2714 1019 2763 quod

400 2781 519 2805 mmus
547 2768 695 2817 vulgare
725 2766 785 2804 est.
842 2778 916 2816 554
942 2764 1019 2815 sqq.

400 2818 537 2857 Iterum
583 2817 784 2856 Homerica
829 2816 1020 2855 adumbrat

1043 2259 1050 2285 ι’
1081 2264 1159 2301 4254
1189 2249 1241 2299 sq·

1079 1888 1119 1926 in
1139 1889 1219 1940 sqq.
1253 1888 1352 1938 quod
1371 1889 1519 1940 quidem
1541 1890 1602 1928 hic
1626 1891 1700 1928 fac-

1079 1950 1158 1977 tum
1188 1940 1369 1977 nolimus:
1399 1941 1449 1980 cf.
1478 1942 1556 1993 sup.
1587 1944 1633 1979 ad
1662 1956 1702 1980 v.-

1081 2004 1168 2043 520.
1206 2005 1297 2042 527·
1359 1991 1519 2030 Primum
1551 1994 1704 2043 quidem

1080 2044 1289 2092 φθεγγομένὸ
1323 2042 1354 2079 δ’
1391 2045 1461 2094 ἆξαι
1495 2050 1579 2092 τὲγε
1617 2049 1707 2095 κάς-ἠ

1080 2113 1214 2135 mmm-cv
1248 2094 1380 2145 ἐμίχθη
1416 2096 1607 2146 aliquoties
1638 2110 1702 2135 OC-·'

1078 2146 1211 2191 currit,
1258 2147 1426 2196 inprimis
1467 2150 1513 2185 de
1558 2147 1703 2187 Dolone

1079 2198 1188 2236 Iliad.
1220 2216 1255 2240 κ,
1284 2212 1331 2247 4
1414 2198 1476 2235 ubi
1508 2199 1592 2236 wide
1622 2210 1705 2237 ante

1312 2212 1469 2300 §eliqua
1503 2261 1624 2288 autem
1657 2264 1703 2289 ex

1081 2301 1189 2338 Iliad.
1209 2311 1248 2349 φ,
1270 2302 1591 2352 120—1z7petita
1609 2303 1704 2341 sunt.

1084 2352 1187 2390 conf.
1206 2352 1313 2389 Iliad.
1332 2363 1368 2395 λ,
1388 2366 1461 2403 452
1479 2353 1555 2404 sqq.
1612 2358 1703 2405 558.

1083 2420 1140 2442 one
1134 2404 1253 2441 rabtt:
1272 2403 1417 2440 Scilicet
1432 2404 1708 2453 sepulchrumh.

1084 2457 1109 2494 l·.
1128 2456 1176 2493 est
1194 2455 1368 2498 tumulus,
1399 2456 1525 2501 τύμβος
1560 2457 1706 2507 imposi-

1085 2516 1142 2543 tus
1173 2505 1333 2557 corpori,
1368 2508 1465 2556 quod
1496 2507 1584 2545 alias
1618 2508 1706 2545 inde

1086 2559 1225 2595 tumulo
1264 2564 1373 2606 premi
1410 2558 1560 2595 dicitur.
1604 2560 1708 2598 conf

1087 2609 1177 2645 Var.
1212 2609 1313 2646 Lech
1368 2609 1455 2660 560.
1487 2614 1585 2659 psces
1619 2610 1704 2648 lam-

1087 2659 1178 2704 bent,
1213 2670 1252 2696 ut
1272 2659 1426 2697 Homer.
1447 2661 1471 2698 l.
1491 2675 1524 2698 C.
1550 2665 1704 2712 ἀπολιχ-

1083 2728 1263 2758 μησονται,
1289 2711 1497 2762 sanguinem
1525 2713 1709 2751 haurient

1138 2764 1224 2814 561.
1262 2769 1375 2812 prima
1409 2771 1547 2821 agmina
1581 2763 1706 2809 Turni,

1083 2816 1141 2853 vel
1185 2816 1388 2866 πςομάχες,
1426 2828 1491 2865 qui
1527 2825 1712 2867 pugnant„

1623 2876 1711 2904 ante
