1847 3313
375 294 660 345 EXCURS.
698 295 720 342 I
754 295 851 343 AD
886 296 1009 344 LIB.
1048 297 1184 347 VIII.
1332 317 1421 365 257

522 941 923 981 EXCURSUS
976 941 1010 982 Ι.

187 1133 395 1180 Evander
415 1132 554 1179 Arcas
587 1132 752 1195 <jusque
765 1131 893 1192 fides
915 1134 958 1178 in
981 1142 1112 1179 monle
1134 1131 1349 1181 Palatino.

116 1293 244 1366 LIB.
273 1326 384 1372 VIII,
414 1341 455 1380 5¹1
478 1327 556 1379 sqq.
589 1329 735 1367 Arcades
765 1328 816 1366 his
846 1333 925 1373 oris,
948 1343 1090 1381 genusa
1107 1327 1268 1366 Pallante
1287 1332 1415 1379 profi’c·

108 1399 193 1432 lum,
226 1389 301 1438 Qi
331 1405 436 1439 regem
462 1389 666 1425 Evandrum
690 1395 815 1426 comises
842 1398 912 1425 etc.
984 1388 1151 1426 Evander
1185 1388 1277 1425 inter
1308 1387 1415 1424 fabu-

109 1446 201 1483 losos
231 1447 357 1484 heroes
385 1447 448 1490 est,
475 1446 520 1482 de
552 1446 683 1496 quibus
714 1456 832 1483 tamen
861 1447 993 1484 certior
1019 1457 1054 1484 et
1079 1447 1259 1499 liquidior
1291 1447 1413 1498 aliqua

109 1505 204 1542 fama
236 1514 334 1542 erat:
378 1517 442 1541 nec
477 1505 644 1542 dubitare
672 1505 758 1542 licet
792 1519 875 1542 eum
910 1508 1088 1544 austorem
1124 1507 1227 1544 fuisse
1259 1508 1412 1545 colonia:

112 1564 302 1615 Pelasgicae
318 1576 363 1600 ex
390 1563 551 1599 Arcadia
569 1563 607 1600 in
634 1563 776 1601 Italiam
797 1564 852 1601 seu
879 1565 960 1602 casu
988 1565 1045 1603 seu
1063 1565 1213 1603 confilio
1230 1566 1409 1617 profectae.

109 1622 164 1659 Ut
181 1623 278 1661 enim
297 1621 533 1673 superioribus
563 1621 697 1658 saeculis
728 1622 767 1659 in
800 1623 1020 1668 Americarn‚
1049 1625 1095 1663 fic
1116 1625 1273 1662 Graeciae
1299 1626 1411 1677 prisci

106 1681 236 1719 incolae
269 1680 472 1731 migrabant
488 1680 526 1717 in
544 1680 700 1723 Italiam,
726 1691 895 1718 terrarum
914 1694 1080 1720 notarum
1099 1694 1176 1721 tum
1195 1694 1407 1724 extremam.

107 1743 144 1779 A
162 1750 284 1792 gente,
307 1753 386 1791 quae
413 1739 645 1776 humanitatis
663 1739 800 1777 cultum
832 1740 985 1790 aliquem
1014 1743 1173 1787 haberet,
1205 1743 1251 1780 ad
1281 1745 1407 1783 rudem

104 1811 140 1838 et
158 1801 330 1837 incultam
347 1811 427 1834 eum
445 1797 589 1841 venisse,
617 1810 662 1834 ex
693 1811 736 1834 eo
765 1799 996 1851 intelligitur,
1017 1802 1113 1850 quod
1132 1802 1268 1839 litteras
1288 1803 1406 1842 secum

103 1859 257 1896 attuliffe
285 1858 486 1902 ferebatur;
527 1857 575 1894 cf.
611 1856 694 1894 Liv.
729 1856 761 1901 I,
798 1872 835 1907 7.
901 1858 1096 1904 Mufimm,
1130 1871 1219 1896 artes
1250 1871 1286 1898 et
1321 1862 1407 1900 vitae

104 1918 322 1956 humanioris
353 1916 512 1954 instituta
542 1916 612 1953 alia
642 1915 746 1953 addit
782 1915 936 1966 Dionys.
968 1918 1001 1962 Ι,
1035 1932 1096 1968 33.
1151 1917 1256 1957 Forte
1285 1930 1406 1958 tamen

101 1977 177 2014 haec
209 1977 331 2015 omnia
358 1977 403 2012 ad
431 1976 501 2012 sola
520 1974 681 2012 carmina
699 1975 758 2012 seu
776 1977 947 2014 vaticinia
977 1978 1136 2023 rediere;
1166 1993 1246 2016 nam
1275 1981 1404 2018 vatici-

101 2038 212 2075 nandi
246 2046 358 2074 artem
386 2036 483 2073 idem
519 2034 672 2072 intulisse
703 2046 916 2073 memoratus
946 2038 1016 2074 est:
1049 2038 1110 2075 etsi
1144 2052 1208 2076 nec
1239 2039 1402 2091 ignotam

101 2094 230 2140 Italiae,
261 2108 326 2132 nec
353 2093 512 2132 barbaris
539 2106 580 2130 ac
605 2092 753 2130 rudibus
780 2094 921 2145 populis
949 2096 1038 2132 adeo
1071 2096 1308 2136 insolentem:
1342 2100 1403 2138 sed

101 2157 230 2193 tractus
250 2154 327 2198 ille,
355 2154 401 2190 ad
418 2166 522 2203 quem
541 2153 693 2197 accessit,
725 2153 820 2190 circa
852 2155 1035 2200 Tiberim,
1055 2169 1076 2192 a
1094 2156 1178 2193 feris
1196 2158 1402 2196 hominibus

98 2228 162 2266 per
198 2214 296 2250 filvas
324 2211 522 2249 errantibus
554 2221 632 2248 tum
665 2211 846 2250 habitatus
880 2225 1055 2252 narratur.
1119 2215 1305 2255 Vaticinia
1340 2218 1399 2257 seu

98 2272 258 2310 carmina
286 2270 331 2307 ad
365 2281 504 2308 matrem
531 2270 607 2320 ejus
635 2270 730 2307 inter
760 2282 855 2309 vates
886 2273 1045 2311 habitam
1071 2275 1196 2312 referri
1215 2276 1399 2325 solebant;

97 2343 171 2369 crat
188 2344 229 2367 ea
258 2330 396 2367 incerto
418 2328 578 2373 nomine,
607 2343 704 2375 nam,
731 2344 810 2381 quae
838 2332 949 2383 vulgo
973 2332 1136 2371 feruntur
1163 2335 1326 2380 nomina,
1353 2338 1401 2377 ab

96 2402 172 2429 arte
188 2391 297 2441 petita
313 2388 415 2433 sunt3
444 2398 482 2424 ut
511 2389 704 2426 Carmentae
727 2400 770 2428 ·et
798 2391 980 2436 Themidis,
1011 2393 1105 2430 forte
1122 2404 1157 2431 et
1174 2395 1399 2445 Nicostratae3

98 2450 152 2488 uti
177 2449 328 2487 comites
358 2448 393 2484 ei
431 2446 566 2484 additae
599 2449 752 2486 Porrima
786 2460 821 2487 et
854 2453 1043 2501 Pcstvorta‚
1075 2453 1161 2502 quia
1190 2454 1331 2492 vatibus
1361 2465 1400 2493 et

95 2509 273 2561 praeterita
289 2518 324 2545 et
340 2507 462 2544 futura
480 2505 560 2544 sunt
579 2516 687 2543 nota:
718 2507 816 2546 Serv.
835 2510 881 2545 ad
903 2508 1012 2555 VIII,
1043 2513 1130 2559 336.
1185 2511 1397 2562 Nympham

93 2581 239 2620 quoque
267 2580 344 2604 eam
371 2566 559 2604 ediderant
586 2565 765 2609 nonnulli,
795 2567 889 2604 unde
906 2577 941 2605 et
956 2579 1058 2619 pater
1077 2569 1243 2607 Evandro
1261 2572 1396 2611 Mercu.

93 2634 163 2666 rius
193 2628 296 2665 datus
325 2626 397 2664 fuit
432 2639 453 2662 a
489 2625 622 2676 poetis,
656 2638 761 2676 quem
789 2625 976 2677 scriptores
1004 2628 1179 2666 Echemum
1212 2631 1396 2669 Arcadem

94 2686 361 2736 confignarunt.
415 2684 528 2722 Poeta
555 2685 671 2722 noster
698 2684 781 2722 hinc
812 2684 998 2736 ingeniose
1023 2693 1240 2737 cognatimem
1268 2689 1396 2727 elicuit

91 2746 200 2785 aliam
217 2756 300 2781 cum
318 2745 450 2782 Atridis
471 2756 507 2783 v,
542 2755 630 2794 130,
656 2743 764 2782 aliam
783 2756 864 2782 cum
884 2746 1005 2785 AEnea
1028 2759 1109 2798 ¹34·
1162 2746 1258 2785 Cum
1290 2749 1394 2787 Atri-

141 2802 257 2843 Tem.
284 2800 356 2844 III.
850 2802 886 2841 R
1332 2808 1392 2849 dis
