1847 3313
496 289 608 336 AD
664 288 1016 336 LIBRUM
1066 289 1159 338 IX.
1382 304 1500 352 375>

172 421 292 470 pheeo
305 420 482 459 Hesiodus
499 421 571 459 fine
583 421 685 459 omni
698 420 769 458 loci
789 420 974 458 mentione
989 430 1031 459 Θ.
1050 425 1069 458 8
1076 435 1124 474 59
1144 422 1220 473 sqq.
1239 421 1363 460 fabula
1381 421 1479 460 haud

169 480 278 517 dubie
299 495 343 518 ex
364 481 519 518 Oriente
539 491 707 532 accepta,
737 481 931 518 dedustum
953 495 1038 518 mox
1056 483 1105 518 est
1124 482 1170 518 ad
1191 482 1380 525 Ciliciam,
1409 482 1481 532 Sy-

169 539 276 583 riam,
304 541 425 578 lacum
455 541 689 578 Sirbouidem
722 553 758 578 et
793 542 1041 591 Asphaltiten,
1070 541 1116 578 ad
1136 543 1228 579 Afiae
1247 543 1480 595 Catacecau-

167 611 298 636 menen
313 610 349 637 et
370 600 573 651 Phrygiam
594 601 689 650 (vid.
705 601 835 638 Weffel
873 601 918 637 ad
931 601 1046 640 Diod.
1067 602 1120 645 V,
1137 615 1198 652 7¹·
1228 602 1277 640 cf.
1300 601 1477 652 Apollod.

168 665 203 701 I,
220 662 258 701 6,
280 674 317 709 3,
346 671 383 697 et
402 660 454 698 ibi
481 662 571 697 Not.
591 675 628 711 p.
656 674 702 712 77
724 661 845 711 sqq.);
872 661 925 698 ita
950 663 1104 699 trastum
1124 663 1172 700 est
1190 663 1299 700 etiam
1320 662 1366 699 ad
1387 663 1482 699 hanc

169 718 336 762 insulam,
364 719 570 769 impositam
596 732 677 756 eam
713 720 782 756 effe
812 720 1015 770 Typhoeo,
1043 721 1143 770 quod
1164 722 1262 759 idern
1283 721 1328 758 de
1347 721 1479 760 Arimis

169 775 238 812 suis
257 789 471 816 narraverat
499 779 683 815 Homerus
711 777 819 816 Iliad.
845 781 884 821 β,
911 782 1003 830 783.
1058 781 1193 818 Arimos
1210 780 1363 829 hosjam
1383 779 1481 817 inter

170 846 313 873 veteres
334 838 423 875 alios
439 838 477 874 in
491 837 621 887 Mysiae
635 837 694 873 seu
710 836 838 887 Lydiae
853 849 973 887 parte,
1001 838 1091 876 alios
1109 839 1145 875 in
1165 839 1314 882 Cilicia,
1351 839 1388 876 in
1408 841 1480 889 Sy-

169 893 223 931 ria
236 895 326 933 alios
339 897 509 946 reperiffe
528 910 538 939 ;
568 896 673 933 fuisse
690 897 836 934 tandem
853 897 978 940 etiam,
1007 898 1071 947 qui
1088 898 1126 935 in
1143 899 1342 936 Pithecusis
1358 898 1481 937 insulis

170 953 409 997 collocarent,
437 965 560 991 narrat
581 954 714 991 Strabo
728 955 792 992 lib.
815 957 931 998 XM,
958 969 1086 1008 p.9z9
1107 957 1155 995 C.
1210 959 1269 996 Ex
1287 959 1343 996 his
1363 968 1481 1009 patet,

170 1013 373 1064 Virgilium
388 1016 544 1052 nostrum
560 1027 631 1051 non
647 1014 746 1052 fuisse
769 1015 945 1064 primum,
973 1015 1038 1066 qui
1063 1031 1223 1055 errorem
1256 1019 1350 1056 hunc
1377 1031 1480 1055 comat

169 1072 348 1117 mitteret,
378 1085 416 1112 ut
435 1075 581 1111 Arimos
599 1075 645 1111 ad
659 1075 753 1112 hanc
766 1075 918 1112 insulam
935 1077 1160 1115 transferret,
1217 1079 1342 1116 Multo
1362 1078 1483 1115 minus

167 1130 230 1168 ille
248 1133 418 1171 adversus
439 1134 720 1183 grammaticam
737 1134 915 1172 rationem
940 1136 1115 1174 Inarimcn
1145 1138 1268 1175 facere
1286 1137 1408 1187 potuit
1435 1151 1482 1176 ex

168 1192 219 1228 Εἷν
240 1195 403 1243 Ἀξι’[,<.σις,
433 1207 512 1243 quae
532 1194 588 1231 vel
608 1195 798 1244 τοὶ”Αξψ-α
821 1196 881 1232 vel
899 1195 1080 1244 οἷ”Αξιμοι
1096 1196 1253 1234 fuerunt.
1311 1195 1483 1247 Suspicor

169 1250 269 1294 suissi:
289 1253 450 1304 aliquem
466 1267 510 1290 ex
525 1253 684 1304 antiquis
705 1253 823 1304 poetis
840 1254 977 1297 latinis,
1004 1255 1065 1304 qui
1084 1255 1238 1293 Iliadem
1257 1255 1372 1293 latine
1399 1255 1482 1293 red-

168 1311 355 1357 diderunt,
383 1314 478 1350 inter
497 1327 588 1363 quos
608 1314 680 1352 Cn.
702 1313 859 1352 Mattius
891 1314 975 1356 fuit,
1003 1315 1064 1364 qui
1086 1325 1148 1352 aut
1175 1317 1271 1354 male
1298 1316 1483 1366 acceperit

169 1381 233 1408 aut
246 1373 339 1409 male
352 1373 612 1422 interpretatus
632 1372 673 1409 fit
696 1372 739 1408 In
754 1373 892 1414 Arima,
924 1373 1018 1410 unde
1037 1374 1132 1411 faCta
1157 1375 1205 1411 est
1237 1376 1396 1413 Inarima
1424 1383 1485 1420 vel

169 1432 333 1469 Inarime.
349 1433 410 1469 An
425 1445 584 1482 unquam
596 1445 730 1468 nomen
743 1433 813 1469 hoc
834 1432 1106 1470 Pithecusarum
1121 1435 1309 1472 communi
1325 1435 1384 1472 usu
1409 1436 1484 1472 fre-

171 1502 385 1542 quentatum
418 1492 473 1534 fit,
501 1491 653 1536 dubito;
685 1490 835 1529 videtur
852 1491 942 1529 illud
958 1492 1191 1543 interpoe'tas
1206 1494 1239 1532 se
1255 1495 1485 1536 continuisse.

171 1553 324 1589 Mature
341 1562 462 1589 tamen
478 1552 683 1602 Typhoeus
700 1552 745 1589 ad
775 1553 851 1591 haec
868 1553 981 1590 Italiae
999 1554 1080 1591 loca
1098 1553 1245 1606 ignibus
1265 1556 1371 1593 caecis
1387 1556 1484 1593 cele-¹

169 1610 275 1648 brata
299 1620 490 1648 revocatus
527 1611 611 1653 suit,
642 1622 681 1649 ut
712 1611 822 1649 docet
847 1611 993 1650 Pindari
1023 1614 1124 1652 locus
1155 1628 1242 1652 mox
1265 1615 1482 1654 laudandus.

168 1669 305 1707 Tradit
325 1683 471 1720 quoque
491 1670 613 1710 Schol.
636 1671 827 1721 Apollonii
847 1672 891 1709 ad
917 1672 980 1709 13b.
999 1674 1054 1717 ΙΙ,
1086 1686 1198 1724 1214,
1229 1675 1485 1725 Pherecydem

163 1729 242 1778 jam
261 1728 429 1778 Tiphoni
449 1728 679 1766 Pithecusam
694 1730 846 1771 insulam
867 1731 1039 1780 injectam
1058 1735 1226 1773 narrasse.
1283 1735 1408 1773 Obvia
1426 1735 1484 1773 in-

170 1789 216 1825 de
232 1789 349 1839 poetis
378 1797 415 1825 et
431 1787 550 1825 facilis
571 1788 642 1826 fuit
657 1788 778 1827 insulae
796 1791 1028 1840 comparatio
1050 1806 1133 1831 cum
1167 1795 1306 1834 Arimis
1326 1795 1487 1836 Homeri

171 1859 209 1886 et
227 1847 387 1886 deflexio
415 1847 575 1885 nominis
594 1848 631 1885 in
663 1849 833 1886 Arimen.
885 1849 988 1887 Miro
1016 1862 1137 1894 autem
1159 1854 1243 1891 casu
1265 1853 1416 1898 accidit,
1445 1864 1487 1892 ut

173 1907 336 1946 Etruscis
356 1910 462 1944 arimz‘
479 1907 688 1946 dicerentur
717 1909 823 1953 fimii,
852 1909 916 1960 qui
931 1910 1074 1949 Graecis
1101 1913 1250 1957 πίθηκοι,
1285 1915 1485 1952 secundum

172 1968 331 2006 Strabon
351 1967 375 2004 l.
396 1979 458 2011 c.;
487 1967 585 2017 quod
605 1968 629 2005 fi
647 1967 699 2005 ita
718 1969 752 2006 se
772 1970 915 2013 habuit,
944 1980 1047 2009 tanto
1072 1973 1275 2023 proclivior
1305 1973 1373 2011 fuit
1400 1988 1485 2024 per-

169 2028 432 2066 mutandorum
451 2028 616 2065 locorum
637 2042 753 2067 error.
810 2029 952 2074 Alium,
981 2032 1040 2068 sed
1068 2032 1324 2077 indoctiorem,
1352 2036 1485 2072 verbo-

171 2101 251 2125 rum
276 2087 405 2129 lusum,
432 2087 495 2124 etsi
528 2087 591 2124 fibi
609 2089 822 2138 probatum,
852 2090 989 2129 Plinius
1011 2103 1214 2130 memorat:
1242 2094 1413 2143 afiglz'nis
1430 2096 1487 2132 do-

169 2147 346 2189 liariorum
361 2146 498 2184 dietum
522 2145 760 2187 Pithecusam.
815 2151 848 2186 A
868 2149 963 2188 πίθος
978 2162 1099 2189 tamen
1114 2155 1299 2203 quomodo
1312 2153 1487 2193 ΠιΞήκέσ-

173 2225 234 2244 σαι
254 2207 405 2244 formari
426 2207 630 2257 potuerint,
658 2221 730 2246 non
759 2209 842 2247 satis
862 2210 1107 2264 intelligitur3
1147 2214 1246 2265 quod
1278 2215 1325 2252 ab
1359 2228 1403 2253 eo
1437 2216 1486 2254 est

171 2268 319 2309 φηὲοὲκνη
335 2269 397 2306 vix
411 2268 550 2307 πιῖτήκνη
567 2270 842 2319 pronuntiatum
855 2273 915 2310 est.

225 2329 338 2381 Qod
360 2329 497 2368 Plinius
518 2330 688 2380 apposuit
706 2332 771 2373 lib,
792 2331 867 2376 ΙΙΙ,
894 2332 917 2370 6
937 2347 946 2370 ε
984 2335 1149 2380 AEnaria,
1176 2339 1319 2375 Homero
1338 2337 1488 2375 Inarime

171 2393 281 2435 dic‘la,
308 2404 439 2443 parum
459 2400 631 2429 accurate
652 2392 719 2429 effe
747 2392 1024 2443 pronuntiatum
1044 2397 1200 2447 quilibet
1229 2398 1336 2436 facile
1367 2398 1486 2440 videt.

172 2451 376 2501 Virgilium
396 2459 517 2486 autem
535 2449 572 2486 in
600 2449 722 2489 insulae
741 2452 888 2490 nomine
902 2453 1044 2504 sequuti
1072 2457 1151 2494 sunt
1170 2457 1344 2500 Ovidius,
1377 2458 1487 2496 Silius

173 2521 210 2558 ες
230 2510 292 2548 alii
311 2513 432 2561 poeta:
449 2524 461 2553 ;
503 2509 615 2546 etiam
635 2511 765 2549 Livius
798 2511 837 2549 in
861 2513 943 2552 loco
963 2528 984 2552 a
1002 2516 1133 2555 Servio
1151 2517 1335 2568 adscripto
1353 2531 1362 2556 z
1403 2518 1488 2557 loca

175 2571 358 2622 adscripta
373 2583 470 2607 nunc
492 2570 632 2608 videbis
646 2585 667 2608 a
682 2573 905 2612 Wernsdorf.
921 2589 959 2626 p.
983 2589 1071 2628 359.

227 2631 385 2671 Homeri
404 2644 508 2674 vero,
537 2642 576 2670 ut
591 2642 627 2669 et
641 2633 712 2670 hoc
733 2633 880 2677 addam,
910 2646 946 2673 et
975 2637 1129 2675 Hesiodi
1158 2650 1306 2689 quoque
1332 2638 1487 2690 Theog.

178 2708 254 2745 304
272 2695 385 2730 Arimi
413 2692 486 2734 scu,
515 2693 612 2742 quod
634 2694 774 2737 malim,
801 2697 940 2740 Arima,
970 2697 1016 2734 τοὶ
1039 2698 1171 2747 ”Agma
1205 2698 1253 2736 sc.
1283 2700 1350 2747 ὅςη,
1388 2698 1489 2738 haud

174 2754 286 2795 dubie
302 2753 338 2790 in
357 2752 441 2789 Afia
460 2753 655 2802 quaerenda
681 2754 760 2792 suut
778 2770 786 2792 :
835 2755 933 2806 fique
953 2769 973 2793 a
995 2757 1247 2794 vetustioribus
1264 2757 1489 2808 auctoribus,

175 2814 348 2866 AEschylo
365 2813 403 2850 in
424 2813 546 2852 Prom.
574 2826 658 2867 331.
691 2815 836 2855 Pindar.
861 2817 972 2868 Pyth.
1004 2818 1039 2861 Ι,
1073 2829 1136 2868 32,
1164 2817 1213 2856 est
1244 2817 1422 2861 standum,
1449 2818 1488 2856 in

1326 2878 1460 2918 Cilicia
1476 2894 1489 2924 ς,
