1847 3313
405 281 500 329 134
744 267 1253 316 EXCURSUS
1303 268 1376 315 111

400 399 476 449 plo,
504 399 606 449 cujus
626 399 736 438 etiam
758 400 890 438 Strabo
909 401 961 443 V,
988 414 1024 450 p.
1049 412 1118 451 353
1145 400 1178 436 A
1206 402 1260 450 (p.
1291 400 1381 449 232)
1408 397 1593 440 meminit,
1623 410 1716 435 con·

405 459 490 502 diti,
519 460 542 497 fi
557 460 721 498 Solinuni
736 460 863 497 audias
884 474 919 510 p.
943 462 979 503 8,
1010 459 1071 496 ubi
1086 473 1123 496 v.
1151 459 1300 496 Salmas.
1332 472 1369 508 p.
1392 471 1455 509 49,
1485 467 1592 508 atque
1611 457 1648 494 in
1668 469 1715 494 eo

399 520 484 557 loco
498 520 625 563 relicti,
653 521 715 558 etsi
734 520 829 557 Alba
847 521 959 570 longa
973 519 1122 556 condita
1137 529 1173 555 et
1194 518 1275 556 sede
1292 518 1395 569 regni
1418 518 1525 556 faeta.
1584 517 1711 555 Etiam

402 592 447 616 ea
466 579 502 617 in
523 593 561 616 re
579 589 790 629 portentum
809 579 1018 620 interccflit‚
1048 577 1146 628 quod
1164 578 1319 627 Dionys.
1342 579 1375 620 I,
1405 577 1451 628 67
1483 576 1650 627 exponit,
1679 585 1718 612 et

399 638 447 675 de
483 652 556 689 quo
593 639 848 676 auctoritatem
886 638 1038 675 Annalis
1072 637 1307 679 Pontificum,
1354 636 1495 681 Cincii,
1536 635 1708 678 Caesaris,

401 698 614 735 Tuberonis
648 698 790 736 excitat
819 696 945 734 Vie‘tor
976 697 1026 732 O.
1055 695 1109 733 G.
1131 696 1176 731 R.
1204 709 1260 745 17.
1318 695 1544 733 Colonorurn
1565 694 1716 746 quidem

400 770 574 795 numerus
594 771 664 796 non
681 758 772 795 adeo
792 770 948 807 magnus
982 757 1049 793 css'e
1081 755 1202 806 potuit
1236 756 1281 792 ab
1306 755 1427 799 initio,
1457 755 1634 806 siquidem
1667 755 1713 792 iis

401 818 466 861 10,
496 819 570 861 vel,
600 828 637 855 ut
657 817 718 855 alii
737 816 980 858 tradiderant,
1010 815 1128 852 10CC
1148 814 1283 866 jugera
1315 814 1396 852 satis
1422 816 1524 853 suere
1544 815 1589 852 ad
1605 828 1716 852 aran-

400 877 516 915 dum:
546 878 622 915 vid.
641 878 704 915 inf.
719 877 764 914 ad
778 877 843 914 lib.
863 876 931 918 Xl,
962 876 1035 925 316
1055 876 1106 926 sq.
1163 876 1283 913 Duxit
1315 876 1412 913 enim
1446 889 1492 913 ex
1522 889 1564 913 ea
1584 889 1714 913 narra-

401 939 502 976 tione
519 940 632 976 Maro
652 952 783 990 agrum
804 937 905 975 suum
927 950 948 973 a
967 937 1103 974 Latino
1123 949 1227 987 rege,
1255 945 1294 974 ut
1322 936 1498 985 Trojanis
1518 938 1713 987 affignare-

401 1009 461 1037 tur
484 1000 674 1042 colendus,
703 999 943 1050 propositum,
972 1008 1011 1034 ut
1042 997 1097 1034 ibi
1127 996 1350 1034 videbimus.
1407 995 1557 1034 Nomen
1592 996 1714 1034 urbia

401 1061 565 1098 Lavinia
584 1060 738 1097 inditum
765 1058 928 1096 constans
962 1056 1030 1093 fuit
1060 1057 1159 1094 fama
1179 1069 1200 1092 a
1221 1055 1421 1104 majoribus
1440 1066 1609 1105 accepta,
1636 1055 1706 1092 etfi

399 1135 479 1172 quae
497 1122 559 1158 illa
580 1121 714 1163 fuisset,
742 1119 845 1156 varie
863 1128 941 1155 erat
957 1117 1157 1155 traditum:
1187 1127 1223 1154 v.
1244 1117 1398 1166 Dionys.
1421 1117 1455 1158 I,
1478 1129 1541 1167 59.
1597 1115 1713 1152 Lavi-

401 1194 487 1217 num
522 1194 669 1231 quoque
697 1179 825 1217 Latini
846 1179 997 1216 fratrem
1027 1177 1198 1215 videntur
1227 1176 1424 1228 prodidisse
1442 1177 1530 1214 olim
1550 1175 1718 1227 quidam,

400 1251 439 1277 ut
459 1255 479 1278 e
493 1241 623 1278 Servio
641 1240 794 1291 colligas
814 1238 860 1276 ad
878 1238 944 1276 lib.
959 1237 1053 1280 VII,
1074 1251 1139 1289 59.
1193 1237 1266 1274 Sed
1287 1237 1332 1274 de
1352 1237 1423 1280 his,
1440 1237 1605 1288 aliisque,
1633 1251 1715 1287 quae

399 1300 445 1337 ad
464 1300 652 1338 consilium
670 1301 827 1337 nostrum
848 1311 920 1335 non
941 1297 1096 1339 faciunt,
1124 1296 1274 1334 videndi
1288 1295 1484 1333 Cluverius
1499 1306 1537 1333 et
1557 1294 1715 1345 Vulpius

399 1360 489 1398 Lat.
514 1370 589 1397 ant.
608 1361 686 1397 To.
701 1360 771 1396 VI.
802 1357 887 1394 add.
903 1356 1083 1393 Lucatelli
1101 1355 1195 1393 Diss'.
1214 1355 1252 1393 in
1268 1357 1358 1406 Dff
1371 1354 1450 1392 dell'
1474 1355 1661 1392 Academia
1676 1355 1713 1390 cii

398 1420 551 1457 Cortona
571 1420 647 1456 To.
668 1419 763 1460 VII,
780 1431 818 1467 p.
844 1429 929 1465 109.
957 1416 1043 1453 Hoe
1064 1429 1174 1452 unum
1195 1415 1441 1459 monebimus,
1459 1413 1712 1452 Laut-olavinii
1736 1419 1740 1422 *

398 1493 532 1518 nomen
559 1480 606 1517 ad
636 1479 772 1516 seriora
791 1488 958 1527 tempora
976 1477 1053 1527 post
1084 1476 1344 1526 Vespasianum
1361 1475 1546 1526 speftare3
1572 1474 1716 1513 colonia

398 1541 498 1578 forte
512 1554 554 1577 ex
575 1539 821 1577 Laurentibus
842 1548 878 1574 et
899 1535 1143 1574 Lavinatibus
1159 1536 1195 1573 in
1216 1549 1324 1573 unam
1345 1536 1472 1572 urbem
1488 1534 1708 1586 conscripta.

399 1600 536 1638 Peceat
555 1600 590 1636 in
607 1599 677 1636 hoc
693 1597 843 1634 Servius
859 1596 905 1633 ad
922 1595 1016 1638 VH,
1033 1609 1081 1647 59
1102 1605 1139 1633 et
1158 1596 1247 1632 alibi
1262 1609 1345 1633 cum
1366 1595 1459 1633 aliis.
1698 1587 1701 1589 ⁵

449 1660 570 1698 Nobis
590 1661 763 1696 Numicius
782 1657 902 1694 adhuc
920 1656 1036 1693 verbo
1048 1655 1393 1693 commemorandus
1410 1655 1472 1698 est,
1488 1655 1584 1693 inter
1602 1656 1707 1694 Lau-

399 1731 547 1758 rentum
567 1734 611 1758 ac
632 1718 834 1757 Lavinium
849 1717 1009 1754 defluens
1030 1716 1158 1760 amnis,
1180 1716 1287 1754 alteri
1305 1716 1391 1753 huic
1405 1726 1528 1754 tamen
1545 1717 1712 1767 propior.

401 1781 499 1819 Eum
516 1781 578 1818 sub
598 1790 721 1818 monte
739 1778 776 1815 S.
793 1777 1007 1814 Petronellae
1026 1790 1071 1813 ex
1093 1785 1199 1813 antro
1227 1775 1263 1812 in
1294 1775 1472 1824 subjeetos
1492 1789 1602 1826 agros
1621 1790 1711 1827 pro-

399 1854 488 1878 num
508 1841 702 1879 decurrere
722 1846 848 1875 narrat
878 1836 1033 1873 Cluver.
1063 1836 1150 1873 Ital.
1185 1845 1260 1872 ant.
1276 1849 1315 1886 p.
1339 1839 1428 1887 894.
1484 1837 1539 1873 At
1563 1849 1608 1874 ex
1627 1837 1710 1874 lacu

397 1901 619 1939 Nemorensi
638 1899 787 1950 prodire
806 1907 843 1935 et
862 1911 959 1934 nunc
978 1896 1042 1934 sub
1060 1896 1206 1934 nomine
1226 1898 1324 1934 Rivo
1342 1900 1379 1934 di
1397 1897 1497 1934 Nemi
1511 1897 1624 1933 latere
1641 1897 1710 1935 Li-

395 1959 523 2010 gorius
537 1960 697 1997 tradidit.
755 1958 830 1994 Sub
866 1956 1006 2006 oppido
1040 1955 1188 1993 Pati-ica
1223 1955 1286 1993 alii
1314 1969 1396 1992 eum
1417 1956 1708 2007 investigarunt:

395 2021 496 2070 quod
512 2029 636 2058 tamen
656 2019 700 2056 ad
729 2018 859 2055 eadem
884 2017 966 2053 loca
993 2015 1140 2065 speetat.
1198 2015 1275 2052 Alii
1306 2028 1401 2053 nunc
1428 2015 1601 2052 exaruisse
1621 2029 1706 2053 eum

395 2081 600 2125 affirmant;
628 2091 664 2118 et
683 2081 927 2128 interceptum
943 2090 1088 2113 amnem
1103 2075 1182 2125 jam
1202 2076 1350 2113 Servius
1381 2076 1527 2114 notavit
1559 2076 1605 2113 ad
1635 2077 1701 2115 lib.

394 2143 492 2185 VII,
526 2154 611 2194 150.
667 2141 710 2178 In
730 2140 799 2176 hoc
812 2137 924 2175 fluvio
937 2138 1086 2179 AEneas,
1103 2150 1226 2187 pugna
1246 2137 1292 2174 ad
1308 2150 1390 2174 eum
1405 2136 1463 2174 seu
1479 2150 1563 2174 cum
1579 2138 1706 2175 Etrus-

394 2202 447 2240 cis
466 2202 525 2240 seu
543 2215 628 2239 cum
647 2199 793 2238 Rutulis
814 2198 925 2239 faust,
952 2195 1138 2239 interiisse,
1166 2207 1267 2233 certe
1299 2196 1416 2233 oculis
1443 2196 1602 2234 sublatus
1634 2198 1703 2235 effe

394 2262 556 2299 creditus
576 2263 648 2299 est:
678 2260 811 2297 faetum
833 2257 866 2294 ei
886 2257 931 2294 ad
954 2256 1050 2306 ripas
1071 2256 1255 2299 sacellum,
1284 2269 1368 2294 cum
1386 2257 1485 2299 luco,
1513 2256 1627 2306 Jovis
1647 2258 1706 2296 vel

392 2323 517 2360 Patris
535 2325 698 2372 indigetis
714 2319 886 2363 nomine;
915 2328 992 2360 aut,
1021 2317 1118 2367 quod
1139 2318 1291 2355 credere
1311 2330 1376 2366 par
1394 2318 1457 2361 est,
1486 2317 1705 2368 antiquioris

394 2384 554 2422 numinis
570 2385 607 2421 in
625 2384 696 2420 hoc
714 2382 798 2418 loco
819 2393 839 2416 a
872 2378 996 2430 priscis
1019 2378 1160 2415 Latinis
1181 2378 1271 2415 culti
1290 2378 1388 2414 saera
1409 2377 1454 2414 ad
1475 2376 1630 2415 AEneam
1649 2392 1706 2415 re-

392 2444 509 2481 tulere
529 2442 698 2480 seriores:
728 2440 782 2477 uti
803 2449 857 2477 tot
876 2438 947 2475 alia
967 2438 1100 2475 veteris
1117 2438 1218 2476 Latii
1238 2437 1388 2475 numina
1407 2451 1452 2474 ex
1464 2436 1534 2474 suis
1555 2437 1704 2488 opinio-

393 2503 499 2543 nibus
519 2500 754 2551 interpretati
771 2499 853 2536 sunt
873 2498 1045 2535 Romani.
1101 2499 1194 2535 Inde
1215 2498 1382 2536 Numicii
1403 2497 1541 2534 nomini
1569 2498 1706 2550 religio

392 2563 518 2613 aliqua
538 2562 646 2599 ineffe
666 2560 792 2609 coepit.
849 2559 978 2596 Utitur
998 2572 1041 2595 eo
1056 2563 1167 2609 poeta
1187 2558 1380 2608 aliquoties
1400 2556 1552 2594 omnino
1571 2558 1617 2595 ad
1637 2559 1704 2596 de-

393 2622 610 2672 signandum
623 2620 793 2657 Latium:
812 2632 849 2655 v.
868 2632 901 2656 <;.
917 2617 1009 2660 VH,
1028 2631 1114 2668 242..
1130 2620 1285 2655 Fontem
1299 2617 1401 2654 fluvii
1412 2617 1530 2654 lacum
1540 2618 1705 2670 velstag-

390 2697 478 2720 num
499 2681 600 2720 fuisse
615 2680 764 2718 tradunt
783 2693 827 2716 ex
846 2678 1046 2720 AEn.V11‚
1080 2692 1151 2730 150
1179 2679 1375 2729 haecfontis
1387 2680 1519 2727 stagna
1538 2678 1703 2716 Numici:

395 2742 466 2780 Sed
489 2742 513 2778 fi
530 2740 680 2791 gravior
695 2739 889 2777 auetoritas
910 2738 980 2774 alia
999 2738 1096 2774 nulla
1112 2738 1176 2780 est,
1204 2739 1354 2787 poetam
1366 2746 1494 2773 ornate
1513 2749 1581 2786 pro
1599 2736 1703 2775 fonte

392 2803 519 2852 stagna
537 2801 649 2839 fontis
670 2800 796 2837 dixiffe
816 2797 984 2835 arbitrari
1006 2797 1146 2835 malim.
1202 2797 1278 2835 Etfi
1294 2806 1371 2834 toto
1386 2795 1447 2833 suo
1465 2795 1616 2833 decursu
1635 2797 1702 2834 flu-

390 2862 511 2909 ,violus
524 2862 676 2902 lacubus
691 2861 916 2910 interceptus
937 2857 1115 2910 tardoque
1131 2871 1174 2897 ac
1193 2857 1304 2897 tacito
1315 2867 1418 2896 motu
1431 2856 1552 2895 similis
1573 2857 1701 2906 stagno

852 2932 873 2970 3
1599 2916 1701 2957 fuiffe
