1847 3313
430 282 517 319 112

620 271 674 320 P.
726 271 1118 319 VIRGILII
1172 270 1574 321 MARONIS

428 404 610 451 Fronde
632 404 767 467 super
789 404 975 468 galeam
998 414 1044 449 ct
1069 402 1197 450 felici
1222 415 1407 451 conitus
1425 403 1569 460 oliva,

425 496 665 558 Archippi
690 495 814 558 regis
841 493 996 550 millu,
1032 493 1304 541 fortill'nnus
1330 494 1549 541 Umbro:

427 585 631 649 Vipcreo
652 585 813 649 generi
839 596 885 630 et
907 583 1116 648 graviter
1133 582 1421 646 spirantibus
1446 582 1608 642 hydris

427 679 657 742 Spargere
679 677 761 740 qui
782 675 967 723 somnos
987 686 1222 734 cantuque
1242 686 1480 731 manuque
1503 669 1696 726 solebat,

428 767 770 830 Mulcebatque
789 766 894 820 iras,
929 777 976 810 et
1001 763 1182 830 morsus
1201 772 1298 807 arte
1323 760 1523 807 levabat.

1646 775 1739 825 755

425 865 516 913 Sed
535 881 628 911 non
655 861 913 909 Dardaniae
938 857 1169 904 medicari
1194 855 1402 917 cuspidis
1422 857 1571 902 icstum

426 957 649 1009 Evaluit3
684 969 837 1016 neque
860 947 1150 1012 eumjuvere
1175 948 1224 991 in
1248 946 1440 992 volnera
1461 959 1627 994 cantus

427 1046 702 1103 Somniferi,
736 1056 783 1091 et
806 1041 976 1088 Marfis
1000 1037 1212 1102 quzefitae
1238 1037 1482 1083 montibus
1505 1039 1685 1089 herbae.

428 1138 502 1184 Te
526 1152 692 1183 nemus
716 1131 977 1197 Angustiae,
1012 1129 1160 1175 vitrea
1179 1139 1224 1174 te
1242 1127 1448 1174 Fucinus
1471 1129 1615 1187 unda,

430 1230 504 1277 Te
527 1227 698 1292 liquidi
722 1226 893 1273 flevere
917 1224 1062 1270 lacus·

475 1373 552 1405 751.
573 1365 659 1408 galea
676 1371 750 1396 tert.
770 1361 928 1394 Rottend.

1653 1223 1750 1285 760

1022 1367 1095 1399 752.
1118 1359 1255 1402 Arcippi,
1276 1358 1412 1402 Archijn',
1435 1359 1556 1404 Alcippi
1580 1358 1613 1389 in
1644 1357 1744 1389 libris,

424 1418 502 1462 jzfſju
523 1418 633 1448 Franc.
655 1415 725 1446 edd.
744 1414 829 1444 Ven.
849 1421 881 1444 et
905 1411 1043 1442 Mediol.
1064 1421 1137 1441 cum
1161 1409 1259 1441 Goth.
1277 1411 1336 1442 sec.
1366 1418 1397 1440 et
1414 1418 1502 1447 tert„
1525 1410 1579 1452 qui
1600 1418 1630 1441 et
1647 1410 1747 1441 Umho'.

431 1530 514 1550 ram.
536 1530 568 1549 v.
588 1519 665 1549 Not.
679 1516 718 1548 ad
731 1515 760 1547 h.
775 1527 805 1546 v,

520 1478 593 1509 754·
615 1466 732 1497 Tcllez
750 1465 836 1507 apud
849 1465 961 1496 Burni.
980 1462 1107 1504 legebat
1122 1472 1129 1492 :
1156 1471 1297 1504 cantuque
1308 1462 1451 1506 herbisque
1463 1462 1588 1493 volebat.
1635 1472 1751 1503 perpe-

897 1524 912 1553 7
916 1524 935 1553 5
938 1524 968 1552 5.
984 1514 1072 1556 feras
1090 1513 1195 1554 Sprot.
1241 1522 1267 1542 et
1281 1521 1378 1542 mortes
1406 1512 1570 1544 Montalb.
1598 1522 1615 1541 a
1632 1522 1678 1542 m.
1699 1522 1751 1553 pr.

521 1569 595 1610 756,
616 1568 800 1600 Dardanidae
826 1566 891 1596 duo
919 1567 1198 1603 Bur1n.-—-757.
1221 1575 1308 1606 neque
1337 1565 1406 1594 enim
1437 1563 1536 1594 Goth.
1565 1570 1653 1600 tert.,
1684 1573 1749 1594 non

432 1622 527 1654 male.
573 1625 601 1652 in
613 1622 726 1653 volnere
739 1618 884 1661 plerique
900 1625 1024 1648 veteres
1036 1615 1120 1645 Pier.
1139 1622 1171 1646 et
1188 1614 1306 1645 Medic.
1322 1625 1340 1644 a
1365 1624 1414 1655 pr.
1434 1624 1490 1652 m.‚
1512 1622 1544 1645 et
1560 1612 1752 1656 superscrip-

432 1684 504 1706 tum
520 1674 559 1705 ab
572 1673 655 1705 :iliaz
680 1673 720 1704 ad
734 1672 863 1702 volnera.
889 1669 963 1701 add.
982 1666 1217 1706 Erf.———-758.
1243 1669 1270 1697 in
1291 1667 1423 1697 montibus
1450 1674 1524 1697 ante
1553 1665 1673 1704 Heins.‚
1696 1668 1752 1708 qui

431 1725 556 1757 sustulit
572 1728 599 1755 in
616 1725 710 1753 codd.
727 1721 931 1751 auekoritatc.
1025 1724 1098 1757 759.
1124 1718 1259 1747 variant
1277 1717 1367 1747 codd.
1387 1719 1518 1760 Angitiae
1531 1726 1561 1749 et
1577 1720 1729 1762 Augur-'tice
1743 1731 1754 1757 3

432 1776 557 1809 Medic,
581 1775 750 1815 Anguetiae‚
774 1772 875 1801 Rom.
910 1770 1045 1810 Αηὲἰῐῑε,
1080 1767 1226 1798 nonnulli
1257 1778 1383 1808 quoque
1411 1769 1578 1809 depravate
1608 1771 1752 1811 Atgitiae,

431 1830 575 1872 Algjvae,
596 1827 724 1868 At'giaet
760 1823 913 1865 Aug-utine,
937 1822 1083 1862 Angiciae.
1127 1819 1187 1849 Sed
1211 1820 1362 1861 Aug-uitia?
1392 1819 1539 1850 firmatur
1561 1820 1665 1863 lapide
1684 1822 1754 1851 Gu-

431 1881 528 1911 diano
540 1890 572 1921 p.
588 1878 679 1914 LIV,
701 1884 735 1916 9.
759 1873 801 1905 cf.
818 1872 929 1903 Heius.
955 1879 987 1902 et
1003 1870 1167 1901 Drakenb.
1185 1871 1225 1900 ad
1242 1871 1296 1901 Sil.
1312 1872 1401 1908 VIII,
1423 1881 1510 1910 5003
1543 1881 1575 1903 et
1601 1874 1754 1905 videmur

433 1931 545 1972 utique
559 1935 684 1960 veteres
713 1935 833 1956 nomen
850 1923 910 1955 hoc
938 1923 976 1954 ab
1006 1921 1162 1963 anguibus
1185 1921 1315 1952 duxiss'e.
1361 1921 1450 1952 Tum
1477 1925 1602 1962 Ft‘cinus,
1625 1926 1756 1964 Facinus,

434 1982 583 2017 Fulcinus,
608 1978 757 2022 Fuscinas,
777 1974 931 2006 aberratt.

1025 1972 1099 2012 760.
1123 1973 1203 2004 lacus
1232 1972 1418 2017 nemorqsaque
1434 1974 1536 2017 ‘Tempe
1553 1974 1680 2019 explent
1696 1976 1754 2009 he-

434 2031 630 2065 mistichium
646 2026 776 2060 Vratiss.
792 2033 825 2058 et
841 2023 982 2056 Dotvill.
997 2034 1071 2055 cum
1088 2022 1186 2056 Goth.
1205 2034 1254 2066 pr.

434 2150 503 2181 vae,

434 2198 501 2239 put
519 2187 645 2225 habuit
663 2185 758 2236 apud
775 2184 930 2222 Marsos.
975 2197 1064 2234 753.

429 2247 593 2292 gra-viter
603 2237 830 2289 spirantibus,
859 2236 979 2273 afflatu
998 2248 1065 2272 no-

434 2290 613 2330 eentibus.
661 2302 749 2340 754.
769 2303 944 2338 manuque.
978 2287 1065 2323 Hae-

436 2352 516 2380 rent
534 2343 654 2393 intpp.
713 2342 769 2378 De
785 2339 864 2377 offis
887 2338 1066 2389 soporife-

435 2395 486 2433 ris
514 2395 571 2431 vel
600 2393 719 2431 herois
765 2404 874 2429 manu
910 2390 1064 2428 admotis

435 2448 563 2485 Burm.
593 2445 745 2495 accipit.
806 2443 877 2480 Sed
906 2455 959 2479 res
990 2441 1064 2491 ipsa

435 2499 523 2542 fert,
567 2506 608 2533 ut
640 2497 686 2532 de
723 2495 818 2532 taem
850 2493 1063 2544 accipiatur.

437 2550 498 2587 Est
516 2549 586 2586 hoc
605 2560 718 2599 genus
745 2545 920 2584 domandi
950 2556 984 2582 et
1010 2545 1064 2581 so-

434 2600 563 2653 piendi
574 2612 706 2651 angues
717 2597 798 2636 satis
814 2607 956 2640 notum,
966 2596 1064 2645 quod

437 2665 609 2691 manuum
628 2651 797 2688 contatstu
816 2649 870 2692 fit,
898 2648 950 2685 cf,
966 2648 1062 2685 Plin.

436 2705 531 2748 VII,
561 2716 597 2742 2.
652 2702 774 2738 Etiam
793 2700 901 2739 Silius
928 2699 965 2736 in
983 2700 1066 2736 loco

436 2769 482 2794 ex
509 2755 628 2792 nostro
662 2753 819 2803 express‘o
849 2751 960 2794 VIII,
991 2764 1059 2802 501

440 2814 593 2859 ludetque
622 2806 755 2844 domare
783 2820 917 2844 venena
935 2804 974 2841 h.
996 2803 1064 2841 ser-

530 2148 601 2186 qua
619 2134 780 2171 sacerdos
813 2140 978 2170 ornatum
1005 2145 1064 2169 ca-

1128 2140 1251 2183 pentes
1267 2130 1472 2169 venenosos.
1500 2132 1602 2169 Idem
1615 2130 1650 2185 J,
1663 2145 1706 2182 41
1721 2145 1754 2171 1.

1130 2197 1202 2232 412
1219 2200 1275 2221 nec
1291 2200 1355 2220 non
1372 2186 1542 2234 serpentes
1559 2186 1628 2222 diro
1650 2200 1756 2221 exar-

1129 2250 1220 2272 mare
1230 2251 1356 2273 <veneno
1372 2236 1498 2273 Doeius
1515 2237 1617 2286 Astyr,
1643 2242 1758 2273 tabia-

1128 2302 1190 2337 que
1202 2291 1446 2338 grave‘sfhpire
1458 2286 1632 2336 chelydros.
1662 2288 1756 2325 adde

1130 2338 1204 2380 HI,
1225 2352 1296 2387 30²
1335 2350 1371 2375 et
1402 2339 1454 2376 ibi
1487 2340 1584 2376 viros
1615 2339 1755 2377 doezos.

1132 2393 1219 2447 756..
1235 2390 1440 2448 §uavishaec
1460 2390 1511 2427 rei
1530 2390 1637 2427 serius
1653 2393 1758 2440 gestae

1131 2442 1364 2492 antlcipatio,
1392 2452 1432 2479 ut
1449 2451 1486 2478 et
1514 2454 1600 2478 mox
1620 2443 1758 2479 oratio-

1132 2493 1188 2529 nis
1220 2494 1419 2538 converfio,
1463 2507 1498 2531 v,
1535 2507 1623 2543 759.
1655 2495 1728 2544 760
1746 2511 1756 2539 ;

1133 2555 1282 2594 utraque
1302 2555 1419 2582 tamen
1435 2546 1511 2594 jam
1531 2545 1569 2582 in
1589 2545 1758 2584 Homero

1133 2596 1253 2633 obvia.
1280 2597 1329 2634 cf.
1365 2596 1472 2634 Iliad.
1504 2598 1543 2640 β,
1576 2600 1647 2647 858
1679 2598 1758 2648 sqq.

1132 2647 1301 2685 Aliorum
1351 2647 1574 2685 imitationes
1609 2650 1758 2700 collegit

1133 2698 1254 2736 Cerda
1272 2712 1281 2735 :
1312 2709 1507 2736 occurrunt
1533 2698 1654 2749 paffim
1673 2704 1758 2738 alia.

1131 2757 1167 2787 ilz
1185 2751 1336 2788 vulnera
1352 2752 1456 2790 docte
1475 2755 1594 2801 po'etae
1614 2751 1762 2797 dicunt,

1130 2815 1213 2855 pro,
1233 2802 1278 2841 ad
1296 2804 1442 2841 vulnera
1467 2802 1636 2840 sananda.
1690 2805 1762 2842 Fu-

1535 2906 1562 2947 6
1663 2862 1755 2895 cinus
