1847 3313
401 282 495 347 346
598 280 652 327 P.
688 275 1078 326 VIRG1L11
1146 274 1537 324 MARONIS

403 416 699 477 Conportare
713 406 849 471 juvat
862 404 1063 468 praedas,
1096 417 1143 452 et
1163 404 1319 452 vivere
1340 417 1492 470 rapto.

403 507 551 556 Vobis
575 505 701 567 pista
722 515 879 557 creec,
912 511 957 546 et
976 499 1178 563 fulgenti
1203 500 1400 556 murice,
1432 499 1599 553 vestis3

1612 586 1719 650 615·⁴

398 690 464 738 Et
489 686 663 734 tunicae
687 680 909 736 manicas,
943 691 988 725 et
1012 679 1186 725 habent
1218 677 1500 724 redimicula
1531 676 1705 723 mitrae.

401 780 450 827 O
473 793 578 824 vere
592 774 828 836 Phrygiae,
850 785 1001 833 neque
1024 769 1153 830 enim
1178 767 1399 831 Phryges,
1423 766 1486 813 ite
1510 783 1595 829 per
1616 766 1712 813 alta

401 869 676 931 Dindyma3
711 864 793 911 ubi
807 861 1008 909 adsuetis
1030 860 1232 907 biforem
1256 859 1335 906 dat
1359 858 1477 906 tibia
1497 870 1710 907 cantum.

400 597 608 647 Defidiae
632 592 790 645 cordi;
821 589 957 654 juvat
979 589 1224 653 indulgere
1246 588 1457 642 choreis3

400 960 654 1023 Tympana
675 970 757 1002 vos
781 952 1026 1015 buxusque
1046 962 1216 998 vocant
1233 950 1507 1012 Berecyntia
1526 949 1688 997 matris

448 1127 526 1166 613.
554 1126 722 1168 Cenportare
733 1122 889 1155 librorum
907 1128 937 1151 et
953 1118 1174 1150 Pierianorum
1191 1124 1223 1149 et
1233 1117 1362 1150 suornm
1381 1118 1511 1160 (quibus
1523 1118 1588 1149 duo
1603 1117 1714 1147 Burm-

404 1186 438 1213 et
458 1179 521 1210 duo
539 1177 639 1209 Goth.
657 1175 730 1207 addi
749 1173 887 1216 possunt,
908 1170 930 1202 s1
947 1170 1027 1202 tanti
1044 1170 1077 1201 hi
1100 1170 1184 1213 sunt)
1208 1170 1396 1201 :melotinae
1415 1170 1545 1201 retraxit
1560 1166 1717 1206 Heinsius,

403 1239 438 1264 et
451 1232 617 1263 Conveevare
631 1225 751 1259 remisit
768 1225 838 1256 loco
860 1223 953 1254 alteri
970 1221 1026 1253 lib.
1044 1223 1117 1260 VII,
1141 1231 1216 1262 749,
1236 1221 1290 1252 ubi
1321 1220 1407 1252 idem
1431 1222 1537 1252 versus
1562 1219 1718 1260 repetitus

402 1289 486 1319 erat,
506 1287 537 1312 et
547 1279 602 1312 lib.
622 1278 680 1314 IV,
694 1285 758 1314 404
781 1276 912 1317 praedam
943 1277 1094 1311 convfflat,
1119 1280 1230 1303 recentes
1241 1274 1364 1314 praedae,
1384 1272 1472 1304 addit
1497 1273 1622 1310 Burm.‚
1643 1271 1715 1302 sunt

405 1331 592 1375 sanguinem
609 1329 710 1360 adhuc
728 1326 898 1357 fumantes.
947 1324 1109 1367 Qorsum
1126 1331 1193 1354 tam
1222 1323 1318 1365 longe
1335 1322 1467 1364 petere?
1554 1323 1631 1359 614.
1646 1326 1716 1364 sul·-

398 1387 488 1427 gentis
505 1393 552 1425 pr.
568 1380 687 1412 Hamb.
776 1376 849 1416 615.
874 1377 959 1406 cordis
977 1376 1076 1407 Goth.
1105 1383 1177 1406 tert.
1206 1374 1289 1406 sorte
1311 1374 1423 1416 aliquis
1441 1376 1484 1408 D.
1506 1376 1541 1419 ψ
1554 1378 1625 1406 cordi
1641 1387 1720 1407 con.

402 1437 503 1481 jiciat.
549 1433 610 1465 Sed
624 1434 721 1474 poeta
739 1427 932 1471 exquifitiori
947 1426 1061 1459 formae
1078 1427 1240 1459 incubuit:
1273 1426 1396 1458 defidiae
1427 1427 1497 1458 sunt
1525 1427 1623 1465 cordi,
1645 1429 1718 1460 Ho·
1740 1419 1744 1422 ’

404 1487 526 1521 merico
541 1494 631 1516 more
647 1482 745 1524 plur„
769 1488 802 1512 ut
819 1490 851 1512 v.
863 1490 890 1510 c.
905 1480 999 1521 σφῇσιν
1015 1477 1238 1520 ἀτασθαλίῃσιν.
1263 1476 1306 1521 ᾗσι
1321 1478 1501 1521 προθυμίῃσι.
1526 1478 1667 1520 νηπιέῃσιν.
1685 1487 1720 1512 et

405 1549 446 1571 ex
458 1535 631 1570 Homerico
647 1534 705 1564 Ale)
720 1531 742 1563 δ’
757 1533 819 1572 ’ἡμῖν
844 1530 903 1565 δαίς
934 1544 965 1563 τε
994 1531 1064 1571 φίλη
1081 1530 1195 1574 κίθαρίς
1207 1543 1236 1560 τε
1248 1530 1327 1572 χοροί
1342 1543 1372 1561 τε
1384 1538 1443 1562 etc.
1535 1529 1610 1561 616.
1634 1536 1719 1564 vittae

404 1602 478 1634 pro,
501 1592 602 1625 milne,
623 1596 672 1628 ap.
686 1584 770 1617 Gen.
788 1585 862 1621 VH,
879 1591 931 1621 12,
951 1593 1132 1626 perperam.
1179 1583 1341 1613 Caeterum
1369 1582 1462 1613 malis
1489 1583 1571 1614 forte
1592 1593 1625 1613 v.
1652 1583 1717 1617 616

404 1642 484 1685 poni
493 1648 566 1672 ante
582 1639 656 1678 615.
703 1635 751 1668 Sic
768 1636 947 1678 junguntur
963 1633 1127 1666 sententiaa
1144 1633 1227 1664 inter
1241 1633 1270 1664 se
1287 1633 1464 1674 conjun&ae
1481 1642 1511 1666 et
1528 1634 1715 1668 consimiles.

405 1695 562 1727 Vobis—ve
583 1693 617 1729 is,
641 1690 681 1720 Et
709 1687 973 1730 tunicae—-DqfidIae
1001 1686 1084 1716 cordi.
1175 1683 1250 1723 617.
1285 1696 1363 1715 verae
1393 1678 1474 1715 male
1495 1685 1618 1716 editum
1643 1694 1720 1719 ante

405 1744 521 1778 Heins.
539 1751 571 1775 et
586 1741 739 1783 scriptum
765 1749 891 1781 quoque
922 1738 955 1769 in
983 1735 1154 1768 nonnullis.
1200 1738 1241 1766 ire
1255 1745 1305 1778 pr.
1320 1736 1556 1770 Hamb.--618.
1581 1739 1720 1778 affuetum

407 1793 706 1834 Oudart.——-619.
728 1797 826 1823 vocant
841 1801 857 1821 e
873 1789 950 1821 libb.
967 1787 1099 1821 retraxit
1116 1787 1241 1826 Heius„
1262 1787 1347 1828 quod
1373 1787 1442 1829 jam
1471 1788 1504 1819 in
1534 1796 1616 1820 vett.
1643 1790 1717 1822 edd·

405 1849 506 1886 etiam
519 1846 595 1879 Ald.
612 1854 660 1889 pr.
672 1850 752 1877 erat.
797 1841 919 1885 Vulgg.
933 1847 1013 1873 vocat
1030 1850 1104 1872 cum
1117 1840 1229 1878 Rom„
1249 1838 1345 1881 idque
1359 1839 1474 1872 maluit
1496 1840 1715 1883 Cuningham.

458 1978 679 2030 614-620,
706 1974 828 2015 Etiam
845 1971 886 2011 hi
911 1973 1032 2011 versus

409 2032 505 2072 inter
548 2027 805 2067 ornatiffimos:
860 2025 1032 2062 notabilis

411 2095 556 2136 quoque
566 2079 754 2119 rhetoricae
767 2075 916 2128 propior
940 2086 1033 2113 trac-

413 2134 519 2174 tatio.
573 2131 733 2182 Phryges
758 2142 841 2167 cum
859 2126 1033 2164 Tro'anis

1097 1990 1132 2017 υ,
1150 1972 1214 2022 96.
1268 1974 1357 2021 614.
1372 1973 1501 2010 vestem
1512 1973 1618 2011 aliam
1637 1985 1720 2012 cro-

1097 2033 1234 2067 cotam,
1278 2024 1386 2062 aliam
1416 2038 1629 2075 purpuream
1660 2024 1718 2062 in·-

1097 2074 1236 2125 tellige,
1247 2085 1432 2125 utramque
1454 2075 1615 2127 Phrygio
1631 2089 1717 2127 ope-

1098 2140 1152 2171 te,
1180 2139 1244 2163 acu
1269 2126 1414 2177 Pistam.
1470 2131 1558 2167 616.
1585 2130 1719 2167 tunicae

411 2182 620 2238 permisceri
653 2192 687 2219 et
712 2191 891 2230 tamquam
911 2192 930 2216 a
974 2191 1032 2216 ea-

412 2238 498 2275 dem
531 2237 640 2285 stirpe
673 2232 851 2292 profeflos
894 2229 1033 2273 haberi,

410 2289 486 2340 jam
502 2288 590 2326 alias
608 2285 778 2325 vidimus.
806 2283 922 2320 Iidem
941 2282 1033 2320 mol-

413 2340 495 2379 litie
512 2349 547 2377 et
565 2339 652 2376 luxu
667 2335 815 2374 infames
831 2347 842 2371 ι
870 2334 1035 2384 quando-

414 2391 565 2442 quidem
581 2388 692 2442 primi
723 2387 762 2425 in
792 2386 930 2424 minore
950 2385 1036 2422 Asia

412 2442 545 2495 opibus
572 2439 835 2482 excelluerunt,
871 2436 1039 2489 inprimis

413 2506 612 2546 pauperum
650 2491 883 2532 colonorum,
918 2488 982 2538 qui
1017 2500 1038 2524 e

414 2545 563 2583 Graecia
602 2542 832 2585 advenerant,
880 2539 1039 2591 judicio.

414 2598 515 2635 Ante
533 2595 660 2634 oculos
674 2603 793 2631 autem
802 2591 930 2629 habuit
947 2595 1035 2641 po'ej·

415 2656 454 2687 ta
465 2648 602 2699 aliquot
612 2647 694 2684 loca
702 2642 899 2682 Homerica
909 2641 1035 2692 Odyss'.

415 2699 456 2746 ὃ,
484 2701 573 2750 248.
608 2710 681 2749 249
708 2697 755 2733 de
778 2693 985 2732 Phaeacibus
999 2703 1036 2730 et

415 2751 526 2790 Iliad.
554 2769 592 2794 ω,
619 2752 718 2793 2613
757 2756 835 2784 tum
865 2747 906 2784 in
933 2744 1032 2782 illis:

415 2804 451 2845 Ο
467 2818 550 2844 vere
567 2801 731 2859 qugiae
745 2797 859 2843 Iliad.
877 2799 920 2845 β,
947 2809 1037 2851 235·

1096 2177 1307 2267 1331?ssssaess
1326 2178 1529 2267 χὲιςιδωτοῖ.
1558 2178 1608 2217 cf.
1624 2180 1718 2218 Stat.

1098 2297 1174 2333 quae
1202 2239 1720 2339 νίἅίῗνιιὲιιίαςἳῑιόεξιῖξῃίῐίἶζῖ

1099 2334 1171 2372 leos
1189 2332 1364 2383 Phrygios
1377 2332 1526 2371 fimbriis
1537 2333 1718 2384 pendulis,

1101 2384 1233 2435 quibus
1260 2394 1383 2422 mento
1412 2384 1600 2437 subligatis
1615 2385 1721 2424 malae

1098 2449 1140 2474 ae
1159 2446 1319 2486 tempora
1333 2436 1576 2475 obducuntur.
1617 2436 1721 2476 conf.

1098 2488 1176 2539 sup.
1208 2487 1254 2524 ad
1280 2487 1349 2526 lib.
1369 2487 1442 2533 IV,
1476 2489 1564 2526 216.
1616 2486 1720 2525 Male

1097 2538 1260 2591 plerique
1288 2551 1410 2577 omnes
1436 2545 1551 2577 mitras
1567 2538 1721 2577 Graeco·

1101 2604 1196 2634 rum,
1207 2589 1422 2636 diademata,
1433 2604 1516 2629 cum
1532 2590 1588 2628 his
1607 2589 1720 2641 Phry.

1102 2641 1174 2693 giis
1203 2641 1444 2681 confundunt.
1495 2644 1583 2693 617.
1610 2642 1721 2681 Sacra

1098 2705 1238 2744 magnae
1270 2693 1393 2732 matris
1418 2694 1544 2732 Deum
1567 2692 1607 2731 in
1626 2692 1720 2734 Din-

1098 2745 1228 2796 dymo,
1272 2744 1442 2797 Phrygiae
1473 2753 1624 2783 monte:
1669 2746 1720 2785 τὰ

1101 2797 1251 2849 Astapa
1275 2797 1344 2852 zen·
1379 2797 1431 2842 cf·
1448 2795 1522 2841 inf·
1538 2795 1596 2846 X,
1628 2809 1650 2836 2
1681 2809 1719 2838 20

1659 2861 1722 2903 up·
