1847 3313
331 299 426 358 484
525 291 996 343 P.v1RG1L11
1049 290 1443 343 MARONIS

334 427 504 476 Omnis
522 445 607 492 per
629 442 802 476 mortes
827 429 1035 475 animam
1058 428 1241 475 sontem
1266 427 1363 491 ipse
1388 420 1610 475 dediffcm
1630 417 1642 471 !

332 516 475 564 Nunc
501 518 644 566 vivo:
695 532 844 580 neque
868 517 1019 564 adhuc
1051 517 1266 564 homines
1294 517 1544 580 lucemque
1567 529 1641 561 re·-

529 611 708 673 linquo.
1551 609 1574 652 8
1583 621 1603 667 5
1615 618 1637 666 5

332 700 423 747 Sed
445 700 674 764 linquam.
712 700 865 748 Simul
892 701 980 748 hoc
1001 700 1162 749 dicens
1184 699 1371 747 adtollit
1392 699 1440 745 in
1459 712 1642 758 aegrum

333 790 392 836 Se
418 789 571 837 femur
592 813 605 844 ;
640 802 702 847 et,
734 804 1027 854 quamquam
1050 789 1120 835 vis
1144 789 1241 835 alto
1263 788 1453 834 volnere
1475 787 1644 842 tardat,

334 885 482 933 Haud
503 885 724 950 dejee‘tuS,
748 902 922 949 equum
945 883 1223 948 ducijubet.
1273 883 1383 932 Hoc
1401 884 1543 931 decus
1562 882 1645 936 illi,

335 980 449 1027 Hoc
475 979 678 1026 solamen
703 988 830 1025 erat:
865 976 1004 1023 bellis
1028 976 1119 1022 hoc
1145 975 1294 1023 vietor
1317 976 1482 1023 abibat
1553 981 1641 1040 859

335 1067 595 1116 Omnibus.
636 1065 931 1128 Adloquitur
947 1074 1242 1121 maerentem,
1257 1076 1303 1111 et
1321 1064 1495 1111 talibus
1512 1065 1642 1112 infit:

381 1223 457 1264 854.
477 1223 569 1267 dedgffiv
596 1223 718 1264 aliquot
743 1221 841 1259 Pier„
863 1217 1209 1263 perperam.-—--—855.
1233 1220 1351 1250 homines
1366 1220 1515 1261 vitamque
1539 1218 1645 1258 Spr0t‚

338 1275 501 1314 e—856.
527 1277 576 1307 hoc
598 1286 614 1306 e
631 1275 822 1315 scriptorum
849 1270 1000 1302 consensu
1025 1268 1137 1300 Heius.
1169 1279 1227 1310 pro
1243 1268 1367 1309 vulgari
1384 1270 1457 1300 haec.
1502 1270 1545 1300 his
1566 1268 1648 1298 άὲἐῖἱ,

338 1327 484 1360 Parrhas.
576 1327 637 1366 857
675 1326 901 1366 Primum,pxo
917 1326 977 1360 vis,
999 1321 1109 1365 paffim
1125 1321 1158 1352 in
1175 1321 1270 1352 codd.
1291 1321 1349 1365 sese
1364 1322 1421 1352 alto
1442 1320 1494 1352 vel
1514 1321 1571 1352 alto
1581 1321 1650 1364 sese,

339 1378 391 1410 vel
414 1380 544 1421 quamvis
559 1379 616 1409 alto
627 1378 661 1421 se
675 1389 686 1408 ³
709 1387 746 1407 ex
763 1375 1010 1417 interpolatione
1026 1373 1230 1404 indoetorum
1247 1372 1425 1404 hominum.
1471 1372 1560 1403 Tum
1571 1383 1648 1404 vero

339 1434 388 1463 vis
405 1430 500 1462 tardet
531 1430 649 1461 Medic.
678 1439 696 1460 a
713 1439 759 1459 m.
788 1428 847 1459 sec.
877 1434 908 1458 et
924 1437 942 1457 a
957 1437 1005 1468 pr.
1039 1425 1141 1462 Gud.,
1164 1435 1298 1466 cumque
1329 1424 1369 1455 iis
1390 1424 1484 1456 tardet
1505 1424 1649 1466 plerique
1715 1436 1718 1439 ·

340 1481 434 1515 codd.
452 1490 482 1512 et
500 1481 571 1512 edd.
600 1488 679 1511 vett.
726 1481 844 1510 Forma
859 1487 967 1510 tamen
983 1477 1073 1508 verbi
1088 1487 1097 1507 ι
1137 1476 1244 1515 tardeo,
1264 1488 1320 1513 ere,
1342 1475 1418 1506 alibi
1434 1476 1486 1506 vix
1502 1474 1649 1506 occurrit.

340 1534 533 1565 vis-tardat
557 1534 654 1563 Rom.
679 1539 710 1562 et
725 1531 779 1569 aL,
795 1531 830 1561 it.
848 1529 947 1560 Goth.
963 1540 1024 1570 pr„
1038 1527 1124 1560 reete
1138 1538 1146 1565 t,
1172 1528 1257 1569 quod
1275 1527 1381 1559 Heius.
1397 1527 1625 1569 interpretatur
1639 1524 1648 1558 i

341 1587 446 1618 tardat
458 1585 500 1623 se,
516 1585 685 1623 tardatur3
711 1571 765 1616 cf.x
783 1583 850 1625 sup.
876 1582 916 1613 ad
931 1583 1007 1613 AEu.
1035 1582 1075 1619 11,
1106 1580 1182 1612 208.
1229 1580 1335 1611 Potest
1351 1588 1460 1612 tamen
1482 1580 1651 1613 commode

342 1642 390 1670 vis
418 1637 517 1669 tardat
537 1637 648 1678 accipi,
667 1635 760 1667 solito
791 1638 965 1679 poetarum
997 1643 1099 1670 more,
1130 1642 1190 1674 pro
1216 1632 1335 1662 virium
1365 1632 1509 1663 defeeius
1534 1632 1650 1665 tardat.

343 1689 471 1721 Servius
491 1688 583 1720 aliter
599 1687 763 1719 reddidit:
788 1685 842 1717 alti
867 1686 989 1717 volneris
1012 1685 1171 1722 violentia3
1193 1691 1229 1714 ut
1245 1683 1324 1714 adeo
1341 1683 1458 1714 doloris
1479 1683 1570 1714 notio
1595 1684 1651 1716 ad-

340 1741 451 1785 §musta
466 1739 514 1772 fit.
555 1739 662 1771 Cerda
676 1736 784 1780 legisse
800 1737 949 1768 videtur:
974 1738 1022 1767 vis
1037 1747 1064 1766 a.
1079 1749 1113 1766 v.
1132 1735 1228 1767 tarda.
1322 1734 1394 1773 858.
1412 1735 1506 1766 Haud
1517 1735 1653 1777 dqjeffus,

344 1793 452 1824 animo
483 1791 617 1833 dejectio.
708 1789 782 1830 859.
817 1791 869 1819 erit
902 1788 1003 1822 Gud.,
1039 1786 1174 1818 sollemni
1201 1796 1318 1817 errore.
1367 1785 1514 1818 Heinsius
1542 1794 1649 1818 tamen

341 1845 515 1886 suspicatur
531 1842 622 1874 fuiffe
636 1851 645 1873 ε
670 1840 859 1885 Hocsolamen
875 1841 936 1870 heri
952 1852 960 1877 3
984 1839 1158 1880 eleganter,
1179 1837 1232 1868 sed
1244 1837 1330 1868 nulla
1344 1847 1416 1868 cum
1432 1836 1506 1869 fide.
1551 1839 1600 1869 hoc
1612 1852 1650 1871 v.

341 1896 436 1928 ebibat
451 1905 468 1925 a
485 1904 527 1924 m.
544 1904 593 1936 pr.
614 1892 699 1923 idem
713 1892 797 1923 Gud.
841 1891 963 1922 habebat
988 1889 1150 1922 Montalb.
1169 1888 1208 1920 cf.
1228 1888 1268 1919 ad
1286 1889 1362 1927 XII,
1381 1888 1593 1928 17.⁷-—86o.
1615 1901 1655 1922 m

345 1947 515 1989 raliafatur
537 1944 660 1987 aliquot
677 1943 773 1981 Pier.‚
788 1941 872 1973 inter
888 1952 966 1984 quos
981 1943 1076 1973 Rom.

345 2073 491 2113 civibus
508 2073 596 2112 meis
612 2088 623 2117 3
650 2072 675 2110 fi
694 2071 855 2109 merebar
873 2080 967 2109 mor·-

346 2137 440 2165 tem:
480 2126 619 2162 utinam
646 2124 719 2174 ipse
746 2123 875 2167 vitam,
910 2123 966 2160 vel

347 2178 516 2216 omnibus
550 2175 736 2227 suppliciis
768 2175 967 2225 expulsam,

349 2229 576 2267 reddidissem
597 2227 776 2278 superstite
804 2237 838 2264 te
858 2227 867 2263 l
914 2228 968 2263 At

348 2294 445 2319 nunc
465 2281 563 2323 vivo,
591 2289 627 2316 te
642 2277 788 2328 erepto!

403 2334 490 2384 837.
509 2334 564 2368 vis
581 2329 650 2369 alto
664 2330 807 2367 vulnere
824 2330 941 2366 tardat
954 2341 967 2364 :

348 2384 388 2422 h.
408 2385 460 2421 vis
474 2383 630 2426 ademta,
647 2380 781 2420 virium
795 2380 969 2425 defectus,

376 2449 414 2473 er
431 2437 543 2472 altum
563 2434 709 2474 vulnus,
730 2432 860 2470 tardat.
893 2430 970 2469 vid.

393 2500 444 2525 ar.
464 2487 565 2524 Lest.
619 2485 727 2522 Haud
746 2487 900 2536 dcjeszs,
934 2497 971 2520 a-

352 2539 453 2576 nimo
472 2538 566 2575 haud
585 2536 738 2586 dejeclo.
792 2537 867 2574 860
892 2534 971 2584 sqq.

353 2589 553 2640 Displicuit
570 2589 645 2626 haec
664 2587 709 2624 ad
719 2599 853 2636 equum
870 2586 972 2622 suum

353 2640 535 2680 Mezentii
568 2638 684 2677 oratio
715 2637 973 2676 venustioribus

354 2695 472 2731 nostra
489 2700 603 2728 aetate.
658 2690 748 2728 Non
780 2689 972 2731 defendam

353 2743 509 2784 Homeri
525 2743 707 2793 exemplo,
738 2741 778 2778 in
803 2740 974 2778 Hef‘toris

353 2807 392 2834 et
421 2796 462 2833 in
483 2794 640 2832 Achillis
665 2793 766 2843 equis
793 2791 900 2830 Iliad.
935 2792 974 2835 S«,

361 2852 434 2899 ³84
449 2846 547 2899 seqq.
576 2863 614 2891 τ,
634 2857 706 2897 399
725 2844 796 2895 sq„
818 2853 880 2882 aut
898 2843 977 2882 Sta-

1029 2070 1075 2108 tii
1095 2069 1300 2108 imitatione
1314 2071 1370 2107 vel
1388 2069 1467 2107 Silii
1484 2086 1493 2116 3
1514 2083 1591 2120 quae
1606 2071 1650 2107 ad

1030 2123 1116 2159 alias
1157 2132 1275 2159 aetates
1320 2121 1499 2171 pertinere
1534 2121 1649 2159 videri

1031 2174 1155 2224 potest.
1192 2174 1262 2210 Sed
1280 2173 1318 2210 in
1337 2185 1470 2210 naturae
1488 2173 1653 2211 humanae

1031 2225 1155 2263 indole
1181 2225 1251 2262 hoc
1282 2224 1398 2276 ipsum
1418 2224 1562 2262 videtur
1580 2225 1651 2263 alte

1033 2276 1177 2314 insitum
1208 2276 1287 2320 effe,
1325 2286 1363 2313 ut
1381 2289 1463 2313 curn
1495 2276 1540 2313 iis
1572 2276 1656 2326 ipsis

1033 2327 1293 2371 animantibus,
1311 2327 1443 2378 quibus
1457 2327 1521 2364 diu
1533 2328 1655 2365 adsue-

1034 2379 1165 2424 vimus,
1191 2389 1376 2429 tamquam
1389 2391 1473 2417 cum
1501 2379 1656 2416 familia-

1034 2430 1133 2468 ribus
1160 2439 1197 2467 et
1228 2429 1408 2468 sodalibus
1444 2443 1590 2481 agamus
1619 2441 1656 2469 et

1034 2481 1321 2520 confabulemur.
1375 2482 1498 2532 Atque
1511 2482 1580 2519 hoc
1600 2481 1656 2532 ip-

1035 2533 1113 2571 sum
1126 2532 1347 2584 optimorum
1364 2532 1552 2570 hominum
1571 2546 1656 2570 con-

1036 2585 1181 2622 feffione
1192 2585 1370 2622 firmatum
1383 2583 1551 2622 vidimus.
1566 2584 1656 2623 Non

1036 2648 1121 2673 vero
1139 2648 1204 2686 pro
1221 2635 1314 2685 epici
1339 2635 1508 2672 carminis
1532 2636 1656 2686 digni-

1038 2698 1110 2725 tate
1137 2686 1243 2725 nimis
1272 2686 1408 2724 humile
1440 2686 1509 2724 hoc
1539 2687 1656 2726 videri

1039 2740 1146 2776 debet
1181 2738 1219 2776 in
1251 2751 1345 2788 equo
1377 2738 1558 2776 bellatore.
1613 2739 1657 2777 In

1041 2790 1229 2827 Mezentio
1247 2789 1558 2827 accommodatum
1584 2801 1661 2827 erat

1041 2851 1315 2889 commentum„
1335 2840 1424 2893 quia
1454 2853 1540 2880 mox
1574 2842 1669 2892 equi.

1515 2893 1661 2933 vnlnere

1831 1269 1845 1297 s.
1827 843 1847 1261 ,wlhsszao-rwffiixaee-..ffl
1837 808 1847 831 ..ι
1840 752 1847 800 fl,-
1831 680 1847 747 .*.;..·..
1843 650 1847 658 .
1840 583 1847 627 -...
1845 569 1847 576 .
