1847 3313
378 292 671 343 EXCURS.
707 292 730 339 I
775 290 871 338 AD
908 289 1033 336 LIB.
1068 286 1185 337 VII.
1333 305 1426 344 121

500 643 957 683 EXCURSUS
1011 642 1044 682 1.

440 775 515 821 De
538 776 682 821 Caieta
706 784 746 820 et
771 773 912 835 Ifffula
936 773 1094 822 Circes,

114 855 264 946 Lm.
294 902 385 948 VII,
426 917 458 941 ι.
499 917 519 941 2
576 903 630 940 ‘Tu
660 918 780 953 quoque
810 901 974 940 littoribus
1003 904 1128 952 nastris,
1161 904 1287 941 AEneia
1310 907 1426 944 nutrix

115 962 296 1000 AElernam
330 968 463 999 moriens
482 966 638 1013 samam,
671 962 703 996 C
705 967 809 1004 aiem,
851 961 1063 1010 dedgsti--io
1101 962 1262 999 Proxima
1282 964 1427 1000 Circaeae

115 1022 284 1058 raduntur
299 1022 414 1058 littora
432 1032 532 1058 terra>
563 1031 633 1058 etc.
687 1020 784 1056 Cum
803 1019 1005 1069 virgiliani
1022 1020 1192 1057 carminis
1210 1021 1425 1072 praestantia‚

113 1077 224 1115 etiam
254 1079 474 1116 inventionis
502 1080 592 1123 laus,
628 1078 796 1129 inprimis
815 1078 853 1115 in
870 1078 1043 1115 doetrinae
1068 1079 1171 1129 copia
1190 1090 1226 1117 et
1253 1080 1426 1119 sermonis

114 1136 254 1188 poetici
281 1148 406 1175 ornatu
425 1137 613 1188 spefflanda
635 1137 674 1174 slt
695 1151 704 1174 ;
751 1150 816 1174 nos
848 1149 965 1186 operae
983 1137 1137 1187 pretium
1156 1138 1194 1175 in
1219 1139 1289 1176 hoc
1310 1140 1427 1177 facere

114 1206 299 1247 putamus,
316 1198 415 1247 quod
433 1198 630 1248 legentium
650 1197 788 1234 animos
811 1197 857 1233 ad
882 1197 957 1234 haec
977 1197 1196 1247 potissimum
1216 1200 1289 1236 duo
1306 1198 1428 1249 capita

115 1256 156 1293 in
174 1255 469 1307 interpretatione
487 1258 601 1293 nostra
622 1256 807 1293 advertere
824 1256 1015 1293 studemus.
1069 1256 1289 1307 Expectatur
1305 1257 1426 1309 itaque

115 1328 138 1351 a
155 1315 274 1359 nobis,
309 1325 348 1352 ut
367 1315 404 1352 in
423 1315 479 1352 his
495 1328 638 1365 quoque
656 1314 905 1365 posterioribus
924 1314 982 1351 sex
1000 1314 1102 1352 libris
1120 1315 1158 1352 in
1174 1316 1302 1354 iisdem
1321 1317 1428 1355 rebus

116 1375 334 1412 illustrandis
367 1375 581 1425 praecipuam
615 1374 770 1424 aliquam
798 1387 943 1424 operam
962 1374 1202 1413 collocemus:
1244 1377 1355 1427 idque
1382 1390 1427 1415 eo

116 1434 248 1485 magis,
264 1447 336 1484 quo
353 1448 483 1472 novum
504 1435 705 1471 fabularum
724 1448 852 1485 genus,
881 1433 994 1470 Italiae
1019 1434 1269 1478 domesticum,
1297 1450 1428 1488 parum

116 1506 137 1530 a
156 1493 332 1544 plerisque
350 1493 566 1544 perspectum
585 1503 621 1530 et
638 1507 722 1530 cum
739 1493 881 1531 Graecis
899 1493 1034 1543 mythis
1052 1494 1090 1530 in
1107 1496 1248 1546 vulgari
1266 1497 1427 1547 antiqui-

117 1553 201 1591 tatis
227 1553 391 1590 doc‘hina
416 1553 621 1597 confusum,
657 1553 695 1590 in
715 1553 758 1590 iis
782 1554 965 1590 tractatur.
1021 1552 1082 1589 Ne
1108 1567 1193 1592 vero
1226 1556 1427 1606 legentium

116 1612 257 1650 animos
274 1612 467 1663 oculosque
487 1612 716 1650 distineamus
734 1626 774 1649 ac
794 1612 1062 1662 distringamus,
1095 1614 1233 1663 rejectis
1249 1616 1294 1652 ad
1314 1616 1427 1654 libro-

117 1684 198 1709 rum
216 1673 349 1709 calcem
368 1671 672 1721 disputationibus
690 1671 968 1723 exspatiabimur
994 1671 1173 1709 interdum
1201 1684 1236 1711 et
1254 1677 1427 1714 nonnulla

115 1730 340 1767 excutiemus
369 1730 580 1766 accuratius.
637 1730 784 1768 Facient
803 1732 879 1767 haec
901 1730 974 1780 ipsa
994 1730 1210 1768 diverticula
1233 1733 1280 1769 ad
1310 1747 1426 1772 recre-

114 1790 250 1827 andum
277 1789 435 1826 animum
466 1802 511 1825 ex
542 1790 808 1827 commentandi
839 1799 874 1826 et
902 1789 1008 1825 variae
1035 1790 1201 1828 lectionis
1233 1794 1424 1831 enotandae

116 1849 240 1894 taedio,
259 1849 355 1899 quod
373 1848 520 1898 quidem
535 1862 807 1900 nonnunquam,
834 1849 1019 1900 quomodo
1038 1849 1324 1900 reprimeremu5‚
1359 1853 1424 1891 vix

116 1908 246 1946 habere
258 1907 484 1945 videbamur.

169 1969 301 2005 Caietae
335 1967 546 2004 memoriam
565 1980 637 2004 non
664 1967 835 2019 praeteriit
853 1972 974 2020 poeta,
1007 1970 1301 2020 quandoquidem
1330 1972 1426 2010 inter

115 2026 254 2065 fabulas
270 2034 405 2062 veteres
421 2025 466 2061 de
485 2025 608 2062 AEneae
621 2026 801 2063 erroribus
819 2041 860 2064 ea
878 2028 1105 2072 occurrebat,
1124 2043 1326 2082 nomenque
1339 2046 1423 2083 pro-

116 2085 292 2126 montorii
312 2084 505 2136 portusque
523 2096 558 2123 et
586 2087 681 2124 urbis
699 2087 737 2124 in
767 2088 866 2126 Latii
884 2099 920 2125 et
938 2089 1148 2140 Campaniae
1165 2091 1294 2130 finibus
1312 2093 1359 2131 ab
1381 2109 1425 2133 ea

115 2146 263 2185 duflum
282 2144 392 2195 vulgo
411 2144 609 2183 ferebatur:
639 2157 679 2183 ut
708 2156 844 2184 taceam
874 2147 1031 2186 Formiis
1056 2151 1160 2187 cedem
1193 2152 1358 2202 Apollinis
1383 2170 1425 2194 ac

117 2205 255 2243 Caietae
287 2218 309 2240 a
337 2203 446 2241 Livio
477 2204 566 2250 XL,
597 2220 617 2244 z
649 2217 988 2245 commemoratam:
1035 2222 1070 2246 v.
1104 2208 1256 2260 Dionys.
1288 2212 1322 2258 I,
1360 2228 1424 2264 53.

117 2263 248 2303 Strabo
280 2263 352 2308 VI,
383 2277 418 2314 p.
452 2278 539 2313 330.
585 2265 716 2303 Victor
745 2267 793 2305 O.
826 2267 879 2307 G.
917 2269 965 2307 R.
1008 2281 1065 2307 10.
1111 2271 1221 2309 Adde
1239 2272 1355 2312 Solin.
1387 2278 1426 2316 8.

119 2323 178 2361 Ex
196 2324 325 2375 quibus
344 2322 433 2360 locis
457 2337 601 2374 quoque
619 2325 807 2371 discimus,
839 2340 859 2364 a
875 2339 1033 2367 cremata
1051 2328 1298 2378 Trojanorum
1323 2333 1427 2370 classe

122 2385 209 2434 (ἀπὸ
242 2389 286 2421 vg*
319 2384 432 2430 καίειν)
463 2383 667 2428 nonnullos,
700 2385 877 2423 Caesarem
908 2386 1074 2437 inprimis
1091 2397 1126 2425 et
1152 2389 1426 2441 Sempronium,

116 2453 292 2494 nugantes
306 2442 369 2479 suo
389 2455 487 2479 more
506 2442 544 2479 in
564 2443 753 2481 nominum
767 2445 989 2496 originibus,
1008 2461 1138 2485 nomen
1158 2451 1343 2499 repetiisse.
1373 2452 1426 2490 cf.

116 2503 163 2540 ad
182 2503 247 2540 lib.
267 2501 304 2538 V
321 2501 470 2539 Excurs.
492 2501 563 2546 VI,
581 2513 616 2539 et
631 2502 788 2543 Cerdam
804 2505 850 2542 ad
867 2505 931 2543 lib,
952 2506 1045 2551 VH,
1065 2522 1100 2546 z.
1155 2507 1269 2546 Varie
1281 2524 1428 2562 quoque

117 2563 302 2602 tractatam
320 2560 385 2597 effe
402 2561 561 2599 fabulam
575 2575 618 2599 ex
631 2575 675 2600 eo
694 2574 852 2614 apparet,
880 2567 978 2617 quod
994 2567 1056 2604 alii
1070 2567 1206 2613 AEneae‚
1226 2569 1289 2606 alii
1310 2570 1427 2608 Creu-

117 2621 176 2664 sae,
206 2620 269 2657 alii
293 2618 443 2657 Ascanii
463 2621 639 2659 nutricem
659 2622 825 2661 Caietam
854 2626 1056 2665 ediderant.
1111 2627 1278 2666 Nutricis
1308 2639 1427 2668 autem

119 2680 159 2718 in
175 2688 291 2717 vetere
305 2678 380 2716 vita
399 2689 438 2717 ut
451 2681 649 2719 educandis
668 2684 785 2733 pueris
801 2685 982 2737 praecipua
997 2700 1120 2737 opera,
1140 2687 1190 2725 ita
1211 2700 1341 2739 magna
1351 2698 1428 2729 erat

118 2738 332 2784 reverentia,
364 2750 404 2778 ut
422 2741 598 2790 parentali
627 2742 759 2792 pietate
776 2745 966 2782 coleretur.
1021 2746 1095 2784 Res
1114 2747 1278 2798 inprimis
1296 2747 1334 2784 in
1355 2759 1429 2786 tra-

116 2798 211 2854 gicis
228 2797 348 2837 obvia.
404 2800 506 2837 Facit
523 2809 643 2838 autem
658 2801 767 2839 etiam
786 2803 848 2840 hic
874 2804 1047 2853 justorum
1075 2806 1208 2844 nutrici
1229 2807 1429 2856 persolutus

118 2861 234 2905 honos
250 2858 295 2898 ad
311 2861 438 2907 AEneae
449 2859 622 2918 pietatem
637 2861 910 2910 declarandam.
966 2864 1060 2913 flaee
1073 2876 1109 2906 et
1123 2865 1252 2911 similia
1264 2868 1429 2918 cogitare

1321 2928 1430 2975 debet
