1847 3313
395 302 490 349 344
588 285 1063 334 P.VIRG1L11
1115 287 1503 336 MARONIS

397 415 487 461 Cui
514 417 719 464 Remulo
742 433 1008 480 cognomen
1033 429 1159 473 erat;
1198 419 1445 484 Turnique
1468 422 1709 468 minorem'

396 504 686 552 Germanam
711 523 862 568 nuper
881 508 1090 554 thalamo
1115 508 1311 556 sociatus
1335 510 1548 556 habebat.
1607 525 1702 571 594

394 594 440 640 Is
462 594 668 656 prim-arn
692 609 799 644 ante
822 599 973 644 aciem
997 598 1143 661 digna
1162 612 1300 662 atquc
1320 599 1514 662 indigna
1531 599 1676 646 relatu

396 681 686 738 vociferans,
710 683 1010 746 tumidusque
1033 701 1158 731 novo
1181 687 1439 748 praecordia
1457 702 1606 751 regno

397 771 519 829 Ibat,
548 786 593 818 et
617 774 856 836 ingentem
883 774 973 820 sese
994 775 1202 833 clamore
1226 774 1404 821 ferebat
1424 794 1434 821 :

461 861 572 908 Non
595 862 742 925 pudet
763 862 1005 909 obsidione
1028 864 1197 910 iterum
1223 865 1439 928 valloque
1461 867 1626 925 teneri,

397 948 474 997 Bis
497 952 626 1012 capti
651 951 870 1022 Phryges,
893 964 938 998 et
962 952 1111 999 Marti
1135 955 1424 1021 praetendere
1447 958 1639 1009 muros?

441 1107 517 1139 593.
544 1101 696 1132 Rhemulae
706 1100 815 1132 Rufin.
856 1102 974 1134 Romulo
989 1102 1127 1135 Dorvill.
1140 1110 1170 1134 et
1185 1103 1284 1134 Servii
1301 1103 1370 1134 edd.
1389 1114 1438 1144 ap.
1459 1104 1570 1138 Burro.
1596 1107 1704 1141 Remuq

399 1148 441 1181 Ius
459 1151 556 1182 Goth.
576 1163 625 1194 pr.
644 1161 674 1182 et
692 1152 748 1183 sec.
795 1153 958 1184 Caeterum
970 1153 1045 1194 quid
1061 1158 1159 1195 poeta
1176 1155 1207 1185 in
1235 1155 1294 1186 hoc
1312 1155 1460 1197 sequutus
1475 1156 1523 1194 fit,
1538 1163 1573 1188 ut
1585 1159 1702 1190 Numa-

398 1213 463 1232 num
488 1202 626 1243 aliquem
653 1205 800 1234 Remulum
817 1203 848 1233 in
866 1204 1008 1235 medium
1025 1205 1206 1243 adduceret,
1231 1205 1358 1246 ignom,
1378 1217 1449 1237 eum
1476 1207 1637 1238 insolitum
1663 1208 1701 1240 slt

399 1254 588 1293 cognomine
603 1253 641 1284 sic
659 1254 796 1294 aliquem
814 1254 969 1295 infigniri.
1017 1255 1124 1286 Aliter
1146 1267 1194 1286 res
1210 1257 1238 1287 se
1258 1256 1400 1294 haberet,
1416 1257 1438 1288 si
1454 1259 1611 1290 Remulus
1625 1259 1700 1291 effet

397 1313 510 1334 verum
533 1315 663 1343 nomen,
685 1313 716 1336 et
744 1306 911 1336 Numanus
937 1306 990 1337 ille
1017 1307 1229 1348 appellaretur
1254 1307 1292 1337 ab
1317 1308 1394 1344 urbe
1411 1309 1560 1340 Numana
1574 1310 1606 1340 in
1623 1321 1705 1352 agro

398 1354 528 1392 Piceno,
545 1356 628 1387 unde
647 1356 799 1387 oriundus
815 1364 892 1388 erat.
982 1367 1057 1398 597.
1080 1361 1214 1400 ingentem
1231 1358 1342 1393 Heins-
1359 1359 1497 1400 reposuit
1520 1371 1557 1391 ex
1583 1361 1702 1395 Medic.

398 1412 430 1434 et
446 1405 515 1436 aliis
537 1407 643 1444 codd.,
658 1418 692 1437 ac
709 1415 786 1438 vett.
805 1407 876 1438 cdd.
921 1408 990 1438 Nec
1009 1420 1084 1439 vero
1101 1410 1319 1450 accipiendum
1337 1420 1409 1440 cum
1431 1412 1541 1442 Servio
1556 1420 1588 1442 et
1610 1413 1678 1445 aliis
1691 1424 1702 1445 ι
1742 1427 1746 1430 ’

397 1467 473 1487 eum
489 1457 631 1490 clamasse
656 1459 687 1489 se
710 1458 768 1489 effe
786 1470 963 1500 magnum:
988 1460 1084 1505 sedse
1102 1461 1234 1505 ferebat,
1262 1461 1427 1492 incedebat
1453 1462 1565 1504 ingens
1590 1464 1702 1504 homo,

397 1507 484 1538 vasta
505 1510 646 1551 corporis
665 1510 783 1552 specie;
809 1510 848 1546 sic
864 1510 923 1541 inf.
942 1512 1018 1549 XII,
1044 1522 1105 1549 441
1131 1515 1220 1556 porcis
1235 1513 1291 1556 sese
1306 1514 1407 1544 extulit
1422 1515 1525 1555 ingens.
1569 1516 1678 1558 Vulgo
1690 1527 1701 1548 τ

397 1562 676 1603 ingenri.-—-—-598.
700 1565 772 1593 tueri
789 1562 915 1594 Zulich.
946 1571 977 1597 et
1005 1565 1106 1596 Goth.
1135 1565 1193 1595 sec.
1279 1574 1355 1605 599.
1381 1566 1512 1596 Martie
1534 1568 1625 1600 codd,
1645 1569 1704 1601 ali,

397 1620 476 1653 quot
493 1624 511 1643 a
527 1613 633 1644 Pierio
652 1621 812 1651 notatum,
835 1625 852 1645 a
865 1615 922 1645 sec.
935 1616 1089 1648 Rottend.
1110 1623 1140 1647 et
1157 1615 1272 1648 Scheff.
1291 1626 1364 1646 cum
1376 1615 1503 1648 Zulich.
1522 1617 1700 1658 firmatum,

395 1663 556 1705 spreverat
579 1664 737 1702 Heinsius,
752 1665 803 1695 sed
820 1665 952 1706 suscepit
970 1668 1180 1703 Burmannus,
1199 1676 1256 1695 nec
1272 1665 1355 1696 male
1371 1665 1508 1698 arbitror
1522 1678 1530 1697 :
1555 1668 1598 1699 est
1615 1670 1702 1704 enim

396 1715 560 1759 eleganter
577 1724 608 1748 et
624 1716 717 1747 docile
737 1716 860 1748 dietum
880 1718 1058 1762 praetendere
1073 1730 1162 1749 muros
1188 1718 1298 1756 Marti,
1326 1717 1420 1755 bello,
1435 1728 1563 1760 pugnat,
1579 1721 1702 1753 vallum

1670 1780 1702 1807 et

396 1865 490 1903 curs.
525 1865 583 1902 IV
614 1865 658 1904 ad
687 1867 752 1904 lib.
782 1866 874 1906 XII.
931 1880 1019 1920 593.

396 1916 524 1966 Major
556 1918 674 1955 Turni
710 1919 809 1956 soror
846 1919 1020 1970 Nympha

397 1967 553 2017 juturna
570 1979 657 2006 erat.
685 1984 720 2007 v.
744 1970 811 2008 inf.
831 1971 1018 2020 X11,138

397 2020 451 2070 sq.
508 2034 592 2078 594·
609 2024 661 2069 sm
655 2027 752 2059 iatus
777 2022 925 2060 habebat
955 2037 1020 2072 pro

1075 1870 1116 1917 se
1140 1867 1298 1918 ferebat,
1341 1867 1379 1903 h.
1420 1879 1452 1908 e.
1497 1866 1705 1913 incedebat,

1087 1920 1197 1956 homo
1216 1921 1310 1956 vasto
1327 1930 1490 1968 corpore,
1520 1932 1602 1956 cum
1631 1921 1704 1956 cla-

1087 1983 1199 2007 more
1257 1971 1340 2019 598.
1368 1979 1574 2018 comparant
1605 1970 1703 2008 Hec-

1086 2021 1301 2058 torisverba
1319 2021 1426 2057 Iliad.
1455 2038 1492 2065 σ,
1523 2024 1608 2067 287.
1660 2023 1704 2061 In

397 2072 564 2122 vulgari:
595 2072 660 2109 fibi
680 2086 790 2124 nuper
809 2074 1017 2111 sociav.erar

427 2136 449 2173 9
455 2137 472 2172 ς
509 2124 610 2176 dzgna
627 2135 724 2173 atque
743 2127 880 2176 indigna
898 2126 1019 2168 relatu,

397 2136 511 2212 {fanda
550 2186 586 2212 et
638 2176 790 2212 nefanda
833 2178 918 2225 [Bm-a
963 2178 1022 2214 καὶ

399 2228 544 2275 ciffum,
592 2240 672 2263 nam
717 2227 769 2263 vs.
806 2229 877 2277 603
925 2229 1020 2279 seqq.

398 2279 570 2315 virtutem
587 2278 811 2329 popularium
830 2281 920 2317 reete
945 2293 1019 2317 cre-

398 2340 484 2387 pa13
513 2342 598 2367 mox
618 2330 872 2367 contumeliosa
891 2343 927 2370 et
943 2341 1017 2368 tur-

399 2394 461 2433 pia
501 2381 539 2418 in
583 2381 760 2431 Trojanos
793 2383 895 2430 jacit.
959 2383 1020 2421 Est

399 2443 517 2470 autem
547 2433 616 2469 hoc
645 2445 716 2468 non
749 2434 866 2471 minus
897 2447 940 2471 ex
959 2436 1022 2472 he-

399 2497 502 2523 roum
520 2497 627 2534 quam
645 2496 690 2520 ex
707 2484 935 2523 barbarorum
953 2500 1022 2537 po-

398 2536 563 2587 pulorum
592 2536 682 2579 vita,
711 2545 750 2572 ut
777 2535 910 2574 hostem
936 2551 1022 2574 con-

399 2588 507 2625 vrciis
547 2598 758 2637 provocent.
813 2587 890 2638 Qi
938 2588 1018 2625 Ho-

399 2652 537 2677 merum
551 2638 721 2689 inspexit,
737 2639 817 2677 satis
831 2649 926 2676 tenet
937 2640 1019 2679 hoc.

403 2693 488 2742 596.
532 2705 616 2728 novo
658 2704 768 2741 regno,
811 2689 915 2728 dofle
954 2705 1020 2741 pro

400 2741 633 2779 matrimonio
661 2754 743 2779 curn
773 2741 881 2791 regiae
906 2742 1020 2792 stirpis

401 2792 659 2838 seminainit03
688 2807 781 2831 nova
799 2792 896 2830 enim
915 2794 1019 2843 spon-

399 2843 436 2885 sa
452 2856 524 2887 erat
551 2844 685 2898 regina,
741 2858 830 2897 597.
857 2848 1021 2897 ingentem

1086 2079 1202 2110 iterum
1221 2084 1255 2109 et
1273 2072 1310 2108 in
1331 2073 1364 2110 O
1382 2072 1528 2124 thgfs
1553 2072 1601 2110 b1s
1616 2078 1709 2124 capti

1088 2126 1187 2162 Serv.
1217 2134 1252 2160 et
1281 2124 1344 2161 alii
1374 2124 1523 2173 Trojam
1543 2124 1589 2161 ab
1607 2124 1704 2163 Her-

1085 2177 1163 2214 cule
1180 2185 1318 2225 captam
1347 2175 1416 2212 huc
1445 2175 1638 2220 advocant,
1668 2186 1704 2215 et

1084 2227 1166 2264 sane
1191 2227 1329 2263 laudari
1356 2227 1482 2277 potest,
1511 2226 1595 2264 AEn.
1629 2228 1704 2272 XI,

1084 2293 1153 2328 401
1186 2285 1279 2316 vires
1295 2285 1403 2329 gentis
1421 2278 1469 2315 bis
1482 2285 1600 2316 vicJae.
1652 2279 1702 2317 Et

1083 2330 1190 2367 Silius
1206 2330 1238 2372 I,
1257 2343 1320 2378 43.
1374 2330 1592 2367 Dardaniam
1609 2341 1640 2367 et
1657 2331 1706 2369 bis

1084 2388 1220 2420 numina
1239 2391 1337 2430 capta
1370 2382 1522 2417 Penates.
1568 2381 1704 2423 Proba-

1085 2433 1158 2470 bile
1175 2443 1292 2469 tamen
1322 2431 1392 2469 alia
1411 2445 1454 2468 ex
1470 2442 1567 2482 parte
1585 2432 1704 2471 videri

1084 2485 1210 2533 potest,
1243 2484 1388 2520 alteram
1421 2483 1511 2520 hanc
1530 2483 1569 2520 in
1586 2485 1705 2522 castris

1084 2535 1305 2572 obsidionem
1359 2547 1454 2572 nunc
1514 2535 1703 2575 declarari.

1086 2586 1218 2624 Lusum
1237 2586 1274 2622 in
1293 2586 1363 2623 hoc
1388 2587 1462 2635 jam
1480 2584 1583 2636 supra
1608 2587 1704 2624 vidi-

1087 2652 1178 2675 mus.
1235 2638 1326 2676 ‚Ram
1355 2643 1445 2686 capti
1465 2648 1598 2687 potuere
1630 2646 1709 2688 capi

1085 2688 1179 2733 VJI,
1234 2702 1320 2740 295.
1362 2705 1416 2725 ml
1418 2703 1466 2726 ros
1495 2692 1703 2740 praetendere

1083 2740 1213 2785 Marti,
1221 2753 1365 2791 pugnae3
1385 2732 1702 2790 quiavalloetmu-

1083 2792 1132 2829 ris
1150 2792 1338 2829 continent
1351 2792 1397 2834 se,
1414 2799 1450 2828 et
1467 2791 1591 2829 inclufi
1610 2804 1702 2841 pug-

1082 2853 1184 2889 nant,
1210 2852 1271 2880 aut
1295 2852 1360 2894 pot
1357 2843 1417 2885 ius
1447 2855 1603 2895 pugnam
1636 2843 1700 2886 deff

1609 2904 1701 2933 U'CCQ
