1847 3313
407 247 819 305 AENEIDOS,
876 245 1025 294 LIB.
1072 247 1164 296 IX.
1334 249 1428 313 3621

124 386 282 435 Castra
304 383 497 430 inimica
519 381 648 428 vides
669 399 681 427 t
717 381 845 427 nulla
867 379 977 426 hinc
1003 380 1131 427 exire
1153 380 1370 444 potestas.

124 477 225 523 Olli
248 475 485 522 subridens
508 471 666 518 sedato
687 470 876 532 pectore
899 470 1118 519 Turnus:
1333 486 1430 534 740

124 567 305 629 Incipe,
338 564 372 610 sl
394 580 485 625 qua
508 561 670 608 animo
693 562 857 617 virum,
891 572 938 607 et
964 561 1152 608 consere
1177 562 1393 607 dextram
1411 583 1429 614 ς

124 660 225 707 Hic
253 657 396 703 etiarn
420 654 667 699 inventum
684 651 872 699 Priamo
895 652 1102 699 narrabis
1128 652 1397 700 Achillem.

121 749 338 796 Dixerat.
409 745 497 791 Ille
528 743 694 790 rudem
717 743 854 790 nodis
879 755 924 790 et
946 746 1126 790 cortice
1146 743 1295 795 crudo

124 840 370 902 Intorquet
391 836 584 883 summis
609 835 807 883 adnixus
824 836 1001 883 viribus
1021 836 1216 883 hastam.

122 930 370 991 Excepere
386 943 509 973 aurae
526 927 692 972 volnus
711 951 723 981 ;
760 927 976 974 Saturnia
998 927 1125 988 Juno
1338 939 1428 992 745

125 1022 334 1072 Detorfit
354 1021 544 1067 veniens
572 1044 584 1075 3
620 1031 866 1083 portaeque
890 1022 1106 1084 infigitur
1127 1022 1269 1068 hasta.

124 1118 193 1164 At
214 1132 307 1161 non
323 1114 413 1159 hoc
447 1111 611 1166 telum,
635 1124 739 1156 mea
760 1108 888 1171 quod
916 1108 963 1154 vi
986 1108 1179 1158 dextera
1203 1109 1371 1168 versat,

124 1206 341 1270 Effugies
367 1222 378 1251 :
413 1219 566 1266 neque
590 1202 718 1248 enim
743 1201 779 1247 is
804 1201 885 1247 teli
911 1209 997 1247 nec
1024 1201 1231 1247 vulneris
1256 1201 1433 1248 aucstor.

125 1298 203 1344 Sic
227 1297 308 1354 ait,
344 1307 391 1341 et
420 1294 658 1340 sublatum
682 1294 775 1340 alte
798 1294 1039 1357 consurgit
1062 1295 1113 1340 in
1133 1293 1306 1351 ensem,

124 1389 191 1437 Et
225 1387 435 1434 mediam
461 1386 582 1431 ferro
615 1386 805 1449 gemina
831 1386 951 1432 inter
981 1398 1198 1447 tempora
1227 1383 1435 1434 frontem

125 1477 330 1533 Dividit,
363 1474 652 1539 inpubesque
676 1473 854 1520 inmani
879 1474 1069 1519 volnere
1089 1473 1250 1518 malas.
1340 1486 1433 1541 751.

127 1571 203 1618 Fit
227 1572 390 1617 sonus:
428 1569 608 1631 ingenti
632 1567 849 1614 concussa
867 1566 929 1612 est
947 1564 1158 1628 pondere
1181 1564 1335 1612 tellus.

129 1661 385 1710 Conlabsos
409 1670 536 1705 artus
560 1669 697 1718 atque.
719 1671 850 1700 arma
872 1667 1066 1700 cruenta
1088 1655 1281 1701 cerebro

173 1799 244 1832 739.
279 1790 349 1821 vicie
380 1788 481 1819 Goth.
518 1793 590 1818 tert.
645 1785 717 1816 nulli
751 1784 810 1815 sec.
843 1783 962 1814 Hamb.
1006 1783 1085 1815 nulla
1114 1785 1180 1814 huic
1210 1783 1269 1815 see.
1307 1786 1439 1826 Menag.

127 1857 177 1876 non
192 1845 257 1874 hinc
279 1842 386 1882 Bigot.
479 1848 550 1877 741.
580 1840 665 1869 animi
689 1839 787 1868 virtus
820 1838 917 1867 Rom.
1012 1844 1084 1874 742.
1111 1838 1187 1867 Hinc
1219 1836 1350 1866 Zulich.
1396 1840 1440 1868 in-

127 1897 235 1926 vinum
252 1895 291 1924 P.
318 1890 414 1921 Goth.
444 1897 534 1927 tert„
555 1888 639 1919 felici
657 1887 922 1928 lapsu.—-——743.
948 1895 975 1916 et
1000 1899 1023 1917 c.
1053 1887 1124 1917 nudo
1146 1886 1205 1917 sec.
1232 1887 1349 1920 Hamb.

131 1955 203 1986 ¹745.
226 1947 303 1976 Exc.
324 1954 430 1974 aurae:
452 1943 719 1972 vulnus—veniens
747 1939 895 1980 junxerat
920 1939 1046 1969 Servius
1062 1938 1114 1968 seu
1133 1939 1205 1980 quis
1220 1939 1320 1977 alius3
1344 1946 1375 1969 et
1398 1938 1439 1970 fic

714 1991 787 2030 746.
815 1991 940 2032 Detorstt
962 1989 1071 2029 juvem·
1104 2000 1164 2031 pro
1193 1990 1259 2020 div.
1281 1991 1356 2023 ledi.
1385 2001 1438 2032 pr.

128 2046 252 2079 Ha'mb.
297 2055 437 2088 terraeque
465 2046 482 2074 i.
523 2042 668 2074 Parrhas.
715 2042 864 2084 irfingitur
887 2043 1000 2072 Fran&
1093 2048 1164 2079 747.
1188 2044 1224 2072 vi
1239 2043 1313 2084 quod
1336 2041 1439 2074 Goth.

130 2100 189 2131 sec.
227 2097 302 2140 quod
315 2099 372 2127 vix
394 2096 475 2126 alter
493 2094 613 2125 Hamb.
643 2093 732 2124 librat
749 2092 873 2125 Medic.
892 2092 1001 2128 Pierii,
1019 2091 1103 2122 Gud.
1118 2093 1241 2124 Moret.
1263 2100 1335 2124 tert.
1354 2094 1442 2123 Ven.

130 2159 161 2183 et
179 2151 264 2190 Reg.
309 2154 417 2190 torquet
436 2147 560 2177 Moret.
653 2145 727 2184 748.
754 2156 842 2186 neque
857 2145 925 2175 enim
945 2156 970 2174 es
994 2153 1067 2184 pars
1090 2142 1174 2173 Pier.
1190 2151 1222 2174 et
1238 2144 1346 2175 Heius.
1365 2154 1441 2178 cum

132 2202 191 2234 Ed.
208 2198 341 2231 Mediol.
356 2205 387 2228 et
400 2197 498 2228 Goth.
513 2197 572 2227 sec.
615 2208 641 2226 es
658 2196 712 2226 tele
735 2196 832 2224 Rom.
878 2196 922 2225 his
939 2194 999 2224 telis
1015 2191 1122 2224 Schol.
1139 2193 1231 2223 Statii
1248 2205 1298 2235 ap.
1326 2194 1440 2226 Heins.

130 2255 173 2284 his
189 2262 212 2284 t.
235 2261 260 2282 et
276 2264 309 2281 v.
335 2249 394 2280 Ed.
410 2251 489 2279 Ven.
535 2251 613 2279 ιιι-Ἴον
636 2246 735 2277 Goth.
756 2253 832 2277 tert.
879 2247 930 2287 Jo.
948 2245 1113 2275 Schrader.
1131 2244 1238 2275 locum
1255 2256 1314 2286 pro
1332 2246 1442 2286 despe-

131 2311 202 2333 rato
218 2300 367 2331 habebat.
414 2299 528 2329 Sensus
539 2306 647 2328 tamen
662 2297 774 2338 planus
793 2307 799 2326 :
825 2308 911 2339 neque
934 2298 1001 2326 enim
1016 2297 1038 2325 is
1062 2295 1109 2326 tcli
1126 2307 1173 2326 nec
1188 2296 1317 2326 vulneris
1333 2301 1443 2330 αιιᾰῖον.

133 2361 169 2385 ut
186 2361 222 2383 tu
239 2350 380 2392 effugere
401 2349 480 2380 iliud
503 2349 618 2391 poffis;
642 2348 742 2378 immo
770 2358 846 2377 vero
870 2347 1006 2377 infertur
1022 2346 1124 2377 telum
1140 2353 1172 2377 et
1198 2346 1314 2377 vulnus
1335 2358 1353 2377 a
1370 2347 1442 2379 viro

130 2402 471 2440 fortiffimo.——--750.
498 2401 587 2432 medi-1
603 2402 674 2431 inter
697 2398 842 2429 nonnulli
860 2398 990 2434 Pienet
1003 2397 1097 2428 Leid.
1122 2407 1196 2428 cum
1211 2397 1312 2431 Goth.
1332 2397 1388 2428 sec.
1407 2406 1441 2431 et

131 2460 369 2492 tert.-—-751.
393 2464 444 2495 que
459 2451 543 2482 abest
566 2462 619 2492 qu.
637 2453 755 2481 Moret.
799 2453 819 2481 i.
841 2450 962 2492 pondere
985 2448 1121 2490 Menag.
1140 2447 1193 2480 alt.
1283 2459 1299 2489 7
1302 2457 1320 2487 5
1326 2457 1356 2488 5.
1378 2450 1441 2481 Col.

133 2505 270 2550 Iapfhsque
284 2503 343 2534 sec.
362 2503 488 2535 Moret.
533 2514 617 2533 anus
634 2502 708 2532 Exc.
727 2501 838 2532 Burm.

128 1997 388 2027 vultus—veniens
420 1993 483 2023 duo
510 1993 621 2022 Burm.

133 2609 211 2651 scil.
233 2610 282 2655 se,
301 2609 495 2653 mittuntur
513 2621 522 2645 ε
551 2607 682 2645 durum
702 2618 755 2645 ta-
819 2605 892 2643 haec
910 2606 1174 2658 Degeneremque
1202 2605 1445 2655 Neoptolemum

133 2674 214 2702 rnen
233 2660 407 2699 hoc.vid.
428 2659 518 2697 Var.
540 2659 640 2696 Leet.
663 2673 752 2711 737.
820 2673 964 2695 narrare
998 2668 1165 2695 memento.
1228 2671 1315 2707 745.
1344 2656 1442 2706 June

133 2714 250 2753 dotalis
267 2718 374 2764 regla,
401 2712 633 2748 Laurentum.
664 2725 752 2762 742.
819 2711 959 2757 detorfit.
1040 2707 1184 2745 Praeivit
1234 2709 1440 2757 exemplum

137 2774 175 2813 ut
193 2764 286 2809 illud
303 2763 368 2807 lib.
381 2762 434 2809 II,
455 2775 528 2816 549
549 2767 756 2815 rqferesezgo
821 2760 1005 2812 Apollinis
1018 2759 1123 2799 Iliad.
1145 2761 1185 2805 δ,
1205 2772 1295 2811 311,
1313 2769 1348 2795 et
1364 2758 1441 2796 Mi-

1328 2822 1445 2854 nesvae
