1847 3313
356 252 447 299 em
618 234 632 247 '
723 244 1304 295 EXCURSUSI

358 389 448 432 597.
503 376 552 413 Et
569 372 686 413 Ovid.
709 372 803 410 XIV
819 372 918 410 Met.
950 385 1024 423 509
1053 372 1093 409 Si
1110 372 1288 411 volucrum
1307 389 1382 425 quet
1399 376 1451 426 fit
1473 371 1674 423 stcbitarum

344 440 470 487 forma
494 438 656 488 requiris,
677 434 725 470 Ut
754 447 816 469 non
843 447 1028 482 cygnorum,
1050 434 1105 483 fic
1130 432 1220 470 albis
1250 438 1410 484 proxima
1438 438 1564 486 cygnis.
1619 432 1674 471 At

359 498 509 536 Servius
530 497 576 534 ad
595 495 664 538 XI,
695 507 763 545 271
798 503 836 531 et
853 494 1018 532 Tzetzes
1035 494 1081 530 ad
1099 495 1292 546 Lycophr.
1313 496 1337 534 l.
1350 511 1384 535 c.
1413 496 1540 546 ἐξωδιὲς
1557 495 1672 533 inter-

357 566 567 610 pretantur,
605 568 686 606 quae
721 555 838 592 ardeae
865 553 1004 598 essent;
1045 552 1104 590 sed
1123 553 1180 590 his
1213 554 1277 592 vix
1306 555 1487 593 accenseri
1516 555 1671 605 poffunt.

363 619 494 669 (Nunc
514 617 620 667 plura
639 614 684 652 de
710 613 766 652 his
780 614 892 659 allata
906 613 985 651 sunt
1000 626 1020 650 a
1046 613 1284 652 Beckmanno
1300 615 1344 652 ad
1367 615 1506 654 Mirab.
1541 613 1673 657 Audit.

359 693 394 718 c.
436 682 485 716 80
514 692 552 729 p.
588 689 657 729 157
692 675 745 725 sq.
800 674 886 719 Hoc
908 688 1019 714 unum
1045 674 1195 718 addam,
1227 676 1356 713 haberi
1381 689 1526 728 quoquc
1547 675 1674 713 avium

356 740 653 780 Diomedearum
664 734 950 785 descriptionem
969 747 1005 773 et
1020 734 1225 787 imaginem
1239 737 1277 774 in
1297 738 1458 788 Vesyard
1473 739 1620 775 Account
1638 740 1685 787 of

359 803 484 839 divers
503 800 610 837 choise
631 797 797 835 Remarks
815 797 916 834 taken
934 799 970 833 in
984 812 1007 833 a
1023 795 1175 846 Journey
1195 811 1234 847 p.
1257 811 1346 849 359,
1373 810 1463 848 1701
1491 796 1556 835 fol.
1573 812 1584 841 ;
1613 796 1674 834 sed

359 875 428 900 nec
460 862 489 899 is
508 859 660 899 scientia
689 867 828 896 naturae
857 856 942 894 satis
973 856 1042 895 fuit
1071 857 1294 906 instructus.)
1360 857 1473 897 Varie
1498 868 1630 895 ornata
1654 870 1676 895 a

361 922 482 974 poetis
503 923 552 960 est
582 920 706 959 fabula
725 919 770 957 de
790 918 895 957 sociis
914 918 953 956 in
972 931 1058 956 aves
1087 919 1235 967 mutatis
1257 920 1316 957 seu
1336 919 1424 957 vivo
1442 919 1501 958 seu
1528 929 1676 957 mortuo

360 984 564 1026 Diomede.
635 983 693 1023 Ita
721 980 859 1031 Illyriis
897 979 1160 1018 accedentibus
1188 980 1340 1023 infesta-e,
1362 979 1518 1018 'Graecis
1546 980 1674 1017 amica:

363 1059 452 1084 aves
471 1046 539 1084 effe
559 1053 715 1083 narratae
734 1042 815 1080 sunt
833 1056 842 1080 t
873 1041 1054 1079 Antonin.
1073 1042 1100 1079 l.
1121 1041 1288 1079 c.‘P1in.
1320 1042 1344 1078 l.
1375 1054 1408 1079 c.
1440 1041 1571 1078 Strabo
1601 1041 1675 1083 VI,

361 1120 400 1158 p.
421 1120 495 1159 435
519 1106 570 1143 A.
598 1104 737 1141 AElian.
766 1102 818 1143 H.
837 1103 887 1139 A.
908 1103 942 1145 I,
967 1114 1001 1144 1,
1031 1101 1094 1139 ubi
1113 1115 1149 1139 v.
1179 1100 1395 1139 Schneider.
1453 1100 1610 1138 Recedit
1629 1100 1677 1137 ab

363 1168 445 1205 aliis
463 1168 588 1205 auftor
607 1163 653 1201 de
671 1162 806 1202 mirab.
828 1161 993 1199 Auscult.
1017 1161 1044 1206 l.
1064 1175 1115 1210 c.,
1146 1160 1209 1212 qui
1228 1174 1317 1203 aves
1338 1161 1492 1199 extitisse
1508 1161 1560 1198 ait
1580 1160 1676 1198 Dio-

361 1227 470 1265 mede
489 1225 535 1277 qb
553 1225 692 1267 AEnm,
719 1221 784 1272 qui
811 1236 874 1260 rex
901 1220 964 1258 illa
987 1220 1058 1258 loca
1089 1221 1239 1264 tenebat,
1273 1235 1339 1272 per
1368 1220 1512 1258 insidias
1542 1220 1676 1258 occiso.

367 1287 486 1325 Potest
512 1287 573 1324 ὑπὸ
593 1290 636 1322 τέ
657 1284 751 1320 Aba
770 1281 890 1318 videri
905 1281 1120 1318 mutandum
1142 1281 1178 1319 in
1207 1282 1266 1319 ὑπὸ
1288 1285 1332 1318 τέ
1350 1283 1485 1318 Axima:
1516 1281 1563 1318 fic
1579 1281 1678 1318 enim

364 1349 453 1386 olim
475 1345 638 1386 nonnulli
657 1343 901 1382 tradiderant.
920 1356 957 1379 v.
980 1342 1103 1379 Schol.
1126 1342 1322 1393 Lycophr.
1339 1342 1384 1378 ad
1400 1355 1439 1389 v.
1459 1344 1532 1393 603
1551 1357 1563 1387 ;
1591 1355 1678 1378 nam

365 1408 518 1446 omnino
538 1404 694 1444 diversae
712 1402 757 1440 de
775 1401 972 1442 Diomedis
987 1410 1107 1444 morte
1121 1412 1224 1440 erant
1241 1403 1484 1445 narrationes,
1505 1412 1680 1440 monente
1719 1427 1724 1430 -

368 1470 552 1509 Strabone
566 1469 592 1506 l.
609 1481 642 1506 c.
662 1480 700 1517 p.
720 1464 812 1516 436.
867 1463 930 1511 De
943 1464 1063 1514 AEnea
1078 1464 1244 1513 cogitare
1257 1477 1330 1507 non
1346 1464 1459 1501 licet:
1488 1477 1573 1501 nam
1588 1476 1678 1501 con-

365 1532 525 1582 grefl‘um
543 1543 628 1567 eum
647 1540 732 1566 cum
759 1523 946 1563 Diomede
974 1535 1083 1562 nemo
1103 1533 1272 1570 veterum
1299 1524 1469 1577 tradidit,
1502 1524 1679 1575 Pausania

365 1592 454 1629 teste
471 1591 538 1629 lib.
559 1592 594 1633 Ι,
619 1601 658 1627 11
684 1587 712 1625 f.

419 1653 548 1691 Unum
569 1651 688 1689 adhuc
703 1658 995 1687 commemorare
1010 1644 1133 1695 juvat,
1164 1643 1262 1695 quod
1285 1643 1421 1681 Plinius
1438 1643 1504 1682 lib.
1527 1645 1622 1688 XII,
1655 1657 1675 1695 3
1738 1688 1745 1691 ἱ

367 1714 514 1752 notavit
547 1716 612 1764 (ex
631 1708 888 1761 Theophrasto
907 1707 958 1744 H.
992 1706 1110 1744 Plant.
1133 1706 1205 1747 IV,
1227 1705 1289 1756 7),
1319 1704 1477 1754 primam
1498 1705 1680 1755 platanum

367 1773 406 1812 in
440 1775 535 1812 hanc
568 1772 719 1811 insulam
751 1769 797 1807 ad
826 1767 1019 1805 Diomedis
1051 1767 1231 1805 tumulum
1261 1765 1465 1804 ornandum
1493 1766 1595 1804 fuiffe
1624 1768 1679 1806 in-

368 1837 526 1878 venam,
545 1834 632 1873 inde
659 1833 696 1870 in
726 1829 892 1869 Siciliam
911 1828 1180 1879 transgressam,
1199 1840 1286 1864 mox
1305 1826 1421 1864 Italiae
1439 1827 1612 1865 donatam
1632 1827 1680 1865 ad

370 1896 460 1934 alias
481 1907 595 1934 terras
626 1891 842 1945 perveniffe.
898 1890 1091 1940 Qantum
1111 1897 1235 1926 tamen
1251 1902 1295 1924 ex
1316 1887 1529 1925 Cichorella
1543 1887 1680 1925 intelli-

370 1956 488 2006 gitur,
516 1970 560 1994 ex
579 1954 694 1992 insula
711 1951 774 1990 illa
789 1962 885 1987 nunc
906 1949 1042 1987 exulat.
1101 1948 1186 1986 Fuit
1206 1947 1327 1993 similis
1355 1948 1479 1985 fabula
1502 1947 1548 1984 de
1575 1959 1682 1999 nfyrto,

369 2016 533 2068 primum
551 2015 591 2053 in
610 2010 807 2064 Elpenoris
823 2010 965 2047 tumulo
983 2019 1104 2057 enata.
1133 2008 1212 2047 vid.
1230 2007 1322 2045 Plin.
1345 2009 1432 2051 XV,
1459 2007 1484 2045 s.
1518 2008 1581 2058 36.
1627 2009 1679 2047 cf.

367 2078 449 2130 sup.
471 2077 624 2117 Exeurs.
639 2076 657 2112 Ι
674 2075 720 2113 ad
738 2073 805 2111 lib.
824 2073 905 2112 VII
925 2071 989 2109 sub
1006 2071 1035 2108 f.
1090 2072 1184 2108 Late
1199 2080 1319 2115 autem
1337 2069 1528 2107 Diomedis
1544 2083 1679 2108 nomen

368 2153 436 2190 per
458 2140 603 2177 ltaliam
620 2134 810 2188 pertinuit.
866 2133 967 2171 Nam
980 2145 1053 2169 non
1071 2131 1184 2181 Arpis
1203 2130 1313 2168 modo
1328 2129 1387 2167 sed
1403 2130 1619 2181 Metaponti
1636 2139 1681 2177 ac

370 2199 527 2238 Thuriis
546 2211 614 2249 pro
627 2196 738 2233 hero'e
754 2194 872 2232 cultus
891 2192 1022 2235 fertur,
1038 2190 1116 2229 vid.
1131 2190 1253 2229 Schol.
1272 2190 1424 2235 Pindari
1435 2189 1480 2227 ad
1497 2191 1608 2228 Nem.
1630 2191 1684 2241 X,

373 2275 436 2300 12.
493 2258 655 2297 Plurium
673 2256 774 2294 idem
794 2253 939 2291 urbium
958 2252 1103 2290 habitus
1123 2251 1306 2294 conditor,
1336 2262 1375 2289 ut
1393 2250 1497 2302 supra
1513 2263 1680 2301 comme-

369 2331 556 2363 moratum
580 2319 642 2356 est.
698 2317 748 2353 Et
766 2313 962 2352 monstrata
986 2312 1126 2349 vetusta
1143 2310 1297 2348 donaria
1315 2310 1510 2348 Diomedis
1529 2319 1566 2348 et
1589 2310 1682 2361 soci-

369 2395 478 2419 orum
497 2392 601 2417 arma
620 2375 787 2415 Luceriae
800 2374 836 2411 in
851 2373 990 2422 templo
1004 2372 1191 2410 Minervae
1208 2385 1217 2408 :
1248 2370 1371 2408 Strab.
1390 2371 1463 2413 VI,
1483 2384 1521 2421 p.
1537 2384 1616 2421 434
1631 2370 1681 2407 C.

369 2452 407 2480 et
426 2443 552 2479 anaor
569 2437 714 2477 Mirab.
733 2436 886 2473 Narrat.
911 2446 998 2484 117,
1026 2442 1174 2484 torques
1194 2444 1323 2468 aureus
1338 2430 1375 2469 in
1394 2432 1534 2482 templo
1547 2431 1682 2469 Dianae

369 2503 410 2541 in
441 2499 625 2540 Peucetiis
654 2496 746 2535 ibid.
780 2508 862 2546 cap.
906 2507 993 2533 120.
1049 2491 1163 2542 Qod
1181 2505 1271 2529 vero
1287 2491 1402 2529 multo
1421 2491 1532 2529 etiarn
1559 2492 1682 2542 magis

371 2563 533 2605 mireris,
551 2562 587 2599 in
607 2558 739 2597 intimo
763 2556 870 2593 Sinus
892 2554 1074 2593 Adriatici
1094 2553 1229 2592 reeeffu
1247 2552 1345 2590 inter
1361 2552 1527 2591 Venetos
1541 2553 1588 2591 ad
1607 2552 1683 2591 Ti-

369 2638 522 2666 mavum
542 2620 641 2660 fuisse
661 2617 818 2656 traditur
836 2617 960 2654 fanum
991 2613 1201 2652 Diomedis.
1222 2626 1261 2650 v.
1296 2612 1431 2651 Strabo
1459 2614 1528 2653 lib.
1561 2615 1614 2657 V,
1640 2627 1681 2664 p.

375 2690 465 2739 328.
488 2698 576 2736 329.
604 2681 680 2724 VI,
711 2693 748 2730 p.
787 2690 859 2728 435
883 2677 928 2719 B,
948 2675 1122 2726 aliudque
1141 2674 1238 2712 inter
1250 2673 1416 2711 Umbros
1436 2673 1535 2713 circa
1556 2676 1683 2712 Anco-

372 2760 475 2795 nam,
490 2755 530 2783 ut
545 2741 680 2793 Scylax
694 2747 819 2778 narrat
832 2736 870 2776 in
890 2736 1037 2789 Periplo
1056 2749 1095 2788 p.
1116 2735 1139 2775 6
1157 2749 1169 2781 ;
1197 2732 1293 2785 apud
1313 2732 1409 2773 Plin.
1429 2735 1509 2783 111,
1529 2748 1578 2772 20
1596 2735 1686 2774 urbs

1555 2794 1687 2847 Spina,¹
