1847 3313
381 249 788 307 AENEIDOS‚
843 247 992 297 ΜΒ.
1039 249 1107 299 X.
1301 255 1394 316 463³

87 383 214 435 Haec
236 399 521 441 memorans,
553 381 716 428 animo
751 397 878 430 nunc
916 382 1025 440 huc,
1059 398 1183 430 nunc
1209 383 1402 430 fluctuat

283 476 398 522 illuc
416 497 431 529 3
1306 473 1401 522 680

90 570 169 615 An
193 566 283 615 sese
305 582 532 614 mucrone
557 567 620 613 ob
645 576 832 612 tantum
855 564 1058 611 dedecus
1080 579 1241 611 amens

87 658 274 713 Induat,
307 668 354 704 et
378 656 581 703 crudum
598 669 681 717 per
703 653 852 700 costas
872 653 1030 717 exigat
1054 655 1241 701 ensem:

90 747 332 795 Fluctibus
357 764 415 794 an
429 746 577 811 jaciat
601 744 788 801 mediis,
821 755 868 790 et
889 744 1029 790 litora
1051 746 1209 793 nando

91 839 246 887 Curva
260 849 405 902 petat,
416 838 751 899 Teucrumque
764 836 937 883 iterum
955 835 999 883 se
1014 835 1178 882 reddat
1192 837 1242 883 in
1258 853 1406 885 armas

90 928 188 975 Ter
210 941 403 975 conatus
424 939 676 990 utramque
699 927 828 973 viam
849 945 859 973 :
906 938 976 973 ter
1001 943 1224 975 maxuma
1247 929 1372 990 Juno

91 1013 340 1062 Continuit
353 1035 366 1067 3
394 1011 718 1078 juvenemque
740 1014 890 1061 animi
913 1014 1130 1063 miserata
1147 1018 1370 1080 repressit.

134 1210 212 1243 680.
247 1214 369 1243 animum
401 1221 519 1255 magna
548 1222 622 1255 pars
648 1213 754 1253 codd„
784 1221 821 1247 ut
852 1214 908 1247 fibi
935 1216 1084 1250 Heinsius
1109 1229 1173 1250 non
1198 1219 1328 1258 constet,
1350 1219 1405 1262 qui

89 1262 292 1305 graecismum
307 1263 358 1294 hic
374 1273 450 1302 non,
470 1271 507 1294 ut
523 1263 610 1302 alibi,
644 1264 725 1307 saepe
756 1276 821 1297 non
847 1266 905 1298 hac
930 1269 1022 1300 codd.
1052 1270 1254 1308 autfioritate,
1275 1272 1405 1313 recepit.

90 1314 218 1346 2—68
225 1326 250 1348 1.
275 1316 304 1346 ob
315 1322 422 1346 tantum
437 1328 559 1346 mucrone
571 1316 687 1350 Parrh.
732 1331 880 1349 mucronem
898 1319 1025 1352 Zulich.
1041 1329 1072 1352 et
1085 1322 1183 1353 Goth.
1198 1332 1246 1365 pr.
1292 1324 1405 1365 Sicque

91 1365 269 1397 Priscianus
284 1366 363 1408 legit
380 1374 411 1398 et
425 1366 658 1408 interpretatur
673 1368 757 1409 apud
775 1369 858 1400 Pier.
872 1377 903 1401 et
925 1371 1052 1409 Heius,
1072 1383 1135 1404 non
1151 1374 1290 1412 indocte,
1311 1377 1405 1407 indue-

89 1419 158 1458 res}
173 1417 232 1460 (in)
248 1430 409 1447 mucronem.
455 1418 621 1448 Romanus
635 1427 642 1448 :
667 1421 797 1449 mucroni.
845 1421 905 1451 Sed
928 1429 960 1452 et
976 1435 1098 1453 mucrone
1111 1427 1146 1465 sc
1161 1427 1268 1455 induere
1278 1425 1406 1468 elegans

94 1467 168 1500 satis
183 1477 191 1498 τ
217 1468 255 1498 de
272 1478 424 1498 mucrone
442 1467 551 1505 infixo,
572 1467 627 1508 qui
645 1468 723 1499 adeo
736 1480 754 1499 a
769 1480 900 1512 corpore
918 1479 948 1502 et
965 1472 1133 1505 visceribus
1148 1475 1270 1516 tegitur
1294 1484 1326 1507 et
1351 1478 1405 1509 ab·

89 1517 267 1550 sconditur.
312 1517 451 1558 φασγάνῳ
467 1517 646 1558 α’μφικυλιέιν
661 1518 786 1550 Plndar.
801 1521 879 1551 dixit
897 1522 993 1554 Nem.
1009 1522 1038 1560 8,
1055 1525 1271 1561 40.——682.
1295 1528 1406 1558 Imbuat

89 1569 152 1601 Ed.
171 1580 220 1612 pr.
237 1570 346 1600 Burm.
392 1575 417 1599 et
429 1571 526 1599 durum
539 1570 652 1607 Rom„
674 1569 768 1603 male.
793 1571 833 1602 cf.
852 1571 912 1604 inf.
933 1572 988 1605 lib.
1004 1574 1079 1612 XII,
1092 1584 1168 1613 507.
1192 1575 1267 1614 508.
1308 1585 1362 1620 per
1376 1592 1402 1611 c.

87 1623 192 1663 dio-{gat
207 1620 328 1662 aliquot
345 1620 426 1651 Pier.
518 1620 595 1660 683.
612 1624 711 1664 jaceat
725 1633 773 1663 pr.
799 1625 916 1656 Moret-
943 1633 973 1655 et
990 1626 1048 1657 Ed.
1069 1628 1161 1668 Junt.
1192 1631 1283 1671 jaHet
1298 1631 1399 1664 Rom.

89 1676 119 1704 in
149 1675 243 1703 littora
275 1671 377 1704 Goth.
404 1678 477 1704 tert.
570 1672 644 1710 684.
670 1674 777 1704 Cornua
794 1675 909 1707 Medic.
924 1686 942 1706 a
958 1687 999 1706 m.
1016 1688 1064 1718 pr.
1106 1691 1156 1720 que
1171 1680 1254 1711 deest
1273 1681 1402 1715 Zulich,

185 1723 258 1754 686.
286 1724 418 1753 Conticuit
436 1723 535 1754 Goth.
553 1731 627 1755 tert·
672 1727 761 1755 animo
773 1724 871 1767 vulgo
893 1727 1015 1758 editum
1027 1728 1100 1760 inde
1114 1730 1152 1761 ab
1171 1731 1289 1770 Aldd.‚
1309 1733 1404 1775 idque

88 1782 198 1807 tuetur
214 1785 285 1816 pars
296 1774 389 1805 codd,
400 1774 498 1805 Pierii
513 1782 544 1806 et
562 1774 684 1806 Heinfii
703 1786 775 1806 cum
788 1776 887 1807 Goth.
905 1784 977 1808 tert.
1007 1780 1054 1820 (at
1066 1779 1125 1813 sec.
1140 1784 1273 1822 animis).
1314 1788 1405 1816 animo

89 1828 219 1867 mifirata
235 1825 445 1866 unusquisque
461 1825 552 1856 facile
569 1826 744 1868 intelligit:
769 1827 873 1867 ficque
889 1828 958 1871 sup.
972 1831 1030 1868 VI,
1053 1841 1127 1870 332,
1149 1833 1310 1865 ubietiam
1328 1836 1405 1867 Me-

90 1878 153 1910 dic.
172 1879 279 1907 animI:
302 1876 387 1918 quod
404 1883 434 1906 et
450 1876 501 1906 hic
515 1877 631 1907 Medic.
648 1885 680 1908 et
692 1879 789 1909 Rom.
802 1878 918 1910 habent
930 1879 1045 1921 aliique
1059 1895 1067 1919 ;
1093 1892 1256 1924 receptum
1280 1885 1312 1915 in
1329 1886 1402 1917 edd.

89 1940 108 1959 a
126 1926 321 1959 Commelin.
349 1937 386 1956 cx
414 1925 528 1964 Palat.,
564 1934 594 1957 et
621 1927 761 1968 agnoscit
789 1928 914 1959 servius
937 1937 967 1960 et
991 1930 1312 1965 ArufianusMeffius.
1359 1939 1403 1971 At

92 1982 179 2011 animi
193 1981 319 2020 mg'scrata
336 1987 399 2007 non
417 1977 529 2007 eodem
544 1977 632 2008 sensu
649 1978 773 2009 dietum
789 1978 848 2010 effe
864 1980 977 2021 potest.
1023 1981 1120 2012 Casus
1137 1982 1290 2015 secundus
1306 1985 1403 2017 verbo

90 2034 219 2075 miserari
236 2039 267 2062 et
283 2029 435 2061 similibus
450 2029 575 2060 additus
590 2041 659 2062 rem
675 2030 869 2062 miserationi
892 2032 1051 2074 objetstam
1082 2035 1231 2067 denotare
1258 2038 1346 2077 solet,
1368 2048 1404 2071 ut

89 2085 124 2115 in
141 2095 178 2115 eo
195 2082 261 2124 ipso
279 2080 347 2111 Silii
363 2080 444 2118 loco,
459 2081 499 2111 ad
515 2092 611 2122 quem
629 2084 736 2113 Burm.
751 2090 914 2124 provocat,
926 2083 980 2115 lib.
1001 2086 1058 2123 XI,
1076 2086 1135 2124 381
1149 2089 1403 2131 nipaenaejuvenem

90 2138 211 2177 indigna·
226 2135 369 2172 miseratus
389 2133 423 2162 ab
447 2134 502 2162 alto
520 2134 660 2175 Jupitcr3
695 2142 726 2165 et
757 2134 796 2164 fic
818 2134 849 2165 in
875 2135 1021 2166 omnibus
1045 2138 1206 2179 exemplis,
1227 2150 1298 2180 qum
1325 2143 1403 2174 vidi.

89 2189 150 2219 Hic
181 2196 258 2226 crgo
287 2185 348 2215 ess'c:
378 2185 472 2216 debet
503 2186 650 2217 miserata
677 2188 827 2217 Turnum
850 2190 950 2225 animi,
974 2196 1007 2220 ut
1025 2191 1146 2221 Graecis
1160 2192 1241 2231 θωμξ
1255 2193 1294 2225 se.
1315 2195 1404 2231 ἕνεκα,

91 2240 178 2284 quod
194 2241 341 2268 Turnum
369 2236 430 2274 ira,
453 2236 576 2273 dolore,
600 2238 735 2278 pudore,
756 2246 922 2282 tantopere
949 2250 1149 2272 commotum
1172 2243 1259 2275 videt
1287 2255 1323 2276 ex
1353 2259 1404 2283 ιο,

90 2291 175 2333 quod
192 2300 207 2320 e
228 2297 335 2330 pugna
358 2287 529 2319 subductus
550 2296 629 2319 erut.

93 2454 218 2478 navem
237 2440 275 2478 in
302 2441 394 2478 vada
414 2441 544 2491 Syrtis,
572 2440 610 2478 in
630 2439 714 2490 Syr·
768 2442 947 2490 stufflibus,
977 2442 1014 2480 in
1031 2442 1150 2481 medio
1167 2443 1203 2481 fl.
1221 2458 1263 2481 an
1277 2446 1313 2483 in
1331 2459 1402 2483 me-

91 2493 146 2530 tin
179 2492 359 2531 vadosam.
415 2507 449 2532 v,
487 2492 575 2530 Var.
613 2492 712 2531 Le&
780 2495 902 2537 dium,
927 2496 965 2532 h.
985 2496 1208 2532 altummare
1228 2497 1399 2546 sejaciztt.

92 2546 181 2581 681.
209 2544 376 2581 Sollcnnc
408 2545 454 2582 est
487 2543 605 2595 po'e'tis
625 2558 633 2580 z
663 2550 714 2581 in·
782 2546 870 2584 686.
897 2553 1003 2584 animi
1018 2549 1172 2593 mfirczm
1194 2548 1290 2585 Serv.
1309 2563 1373 2598 pro
1389 2562 1400 2582 ι

91 2597 231 2644 duerest
251 2595 311 2632 telo
327 2606 360 2632 et
378 2600 414 2632 in
431 2595 545 2640 telum,
570 2608 713 2632 mucro-
779 2596 902 2634 animo
935 2611 1000 2641 m.‚
1038 2597 1126 2634 ficut
1157 2597 1251 2642 ΧΠ,
1297 2613 1339 2649 19
1367 2603 1400 2637 O

92 2660 136 2682 ne
155 2646 265 2682 infixo
284 2657 319 2684 et
337 2646 532 2683 visceribus
551 2655 713 2696 recepto,
770 2650 938 2697 prestans
955 2654 1061 2686 animi
1069 2651 1227 2704 juvmis.
1282 2651 1399 2689 immo

93 2709 296 2747 utcorpore
312 2698 407 2748 quafi
425 2698 600 2734 condatur
612 2707 709 2735 ettc-
776 2711 861 2735 vero
895 2699 967 2736 est:
1030 2699 1190 2737 nnserata
1225 2703 1401 2747 animum,

96 2760 214 2799 gatus.
260 2748 311 2786 cf.
350 2748 439 2788 Var.
460 2749 561 2786 Lech
620 2751 707 2798 683.
773 2749 935 2789 dolorem
947 2750 1087 2795 animi;
1114 2765 1196 2790 nam
1219 2753 1308 2790 ordo
1326 2757 1371 2791 cst
1392 2767 1399 2790 ;

1236 2806 1328 2853 juve
1334 2821 1404 2843 71:7³!
