1847 3313
381 290 425 336 A
449 288 497 336 D
548 287 590 335 L
614 287 634 334 I
660 287 696 334 B
720 286 763 334 R
786 287 834 333 U
860 285 919 333 M.
975 283 1112 331 VIII.
1321 285 1404 331 261

113 431 182 469 pro
211 419 274 456 suo
301 418 450 469 quisque
476 417 623 467 ingenio
651 431 692 454 ac
721 417 834 454 sensu.
888 415 996 454 Modi
1032 424 1147 452 autem
1166 420 1265 451 erant
1281 411 1414 462 plures,

113 476 245 526 quibus
265 478 358 514 fama
375 477 436 514 illa
453 487 551 513 vetus
568 476 685 526 digeri
700 485 738 512 et
756 475 921 512 constitui
941 474 1062 523 posset.
1112 473 1238 522 Itaque
1265 470 1345 514 alii,
1373 478 1414 505 ut

116 537 320 573 Antiochus
339 537 574 584 Syracusanus
590 546 625 572 et
643 535 878 584 Thucydides
910 533 1121 582 (Polybium
1143 545 1287 582 quoque
1304 530 1344 567 in
1371 541 1414 565 ea

115 593 288 631 sententia
308 595 408 632 fuiffe
425 605 569 645 apparet
582 608 626 632 ex
644 594 700 637 iis,
720 607 797 643 quae
815 594 860 630 de
880 593 1005 629 Locris
1024 602 1140 628 narrat
1155 590 1324 640 Excerpt.
1343 588 1414 626 lib.

116 652 212 697 XII,
240 655 287 690 T.
316 654 387 697 HI,
415 669 449 704 p.
472 655 584 702 328),
615 654 652 689 in
681 664 838 690 extrema
869 652 971 688 Iram
1004 651 1143 688 Siculos
1171 650 1271 687 fuiffe
1297 648 1414 692 aiunt,

113 713 177 762 qui
206 712 334 763 Opicis
360 713 544 757 eefferint3
570 726 637 761 pro
657 711 785 748 Siculis
803 711 865 747 alii
891 712 1039 748 laudaut
1066 710 1230 759 Elymos,
1250 708 1414 746 Ausones

112 771 170 807 vel
199 771 376 820 Ligures3
406 771 469 808 alii
497 784 540 807 ex
571 770 688 807 media
723 769 826 805 Italia
862 769 1061 806 arcizffivere
1091 768 1253 813 Siculos3
1282 781 1326 804 ex
1344 767 1416 804 suis

113 827 256 866 sedibus
292 830 337 867 ab
374 829 639 880 Aboriginibus
672 839 707 866 et
744 828 895 878 Pelasgis
925 828 1128 866 exturbatos
1160 836 1196 863 et
1229 827 1337 877 usque
1368 827 1415 865 ad

114 887 299 939 Rhegium
318 902 381 939 per
399 899 452 925 tot
470 888 635 925 barbaras
662 896 781 938 gentes
809 886 991 923 erroribus
1020 886 1129 923 astos.
1157 885 1234 922 vid.
1264 885 1416 924 Excurs.

115 946 173 983 IV
191 948 236 984 ad
255 947 320 984 lib.
341 947 430 983 VII.
488 949 615 984 Veleres
641 948 772 984 Sicanos
803 946 895 983 inter
912 946 1080 982 addutstas
1097 957 1115 980 a
1136 944 1266 981 Turno
1294 945 1417 995 copias

113 1006 240 1043 recitat
258 1008 362 1056 poeta
377 1006 442 1042 lib.
462 1005 553 1050 VII,
582 1019 671 1056 795,
698 1005 860 1055 adeoque
888 1005 1054 1055 reliquias
1084 1003 1288 1041 Siculorum
1310 1008 1416 1054 (quos

114 1063 262 1101 Sicanos
280 1064 451 1114 appellat)
490 1064 702 1107 etiamnum,
734 1064 854 1100 AEneae
869 1073 986 1108 aetate,
1015 1063 1053 1099 in
1082 1062 1190 1100 Italia
1207 1062 1417 1113 superfuisse

111 1124 244 1160 necesse
279 1124 340 1161 est.
403 1123 529 1160 Licuit
563 1127 677 1173 poetae
705 1123 755 1160 ita
789 1123 953 1174 opinari3
997 1123 1059 1160 etfi
1093 1122 1415 1173 antiquiffimoxum

110 1183 324 1235 scriptorum
347 1184 557 1221 auetoritate
587 1185 681 1234 apud
715 1184 929 1234 Dionyfium
955 1183 1049 1220 binis
1077 1182 1223 1220 trinisve
1240 1193 1321 1220 ante
1340 1183 1418 1221 bel-

111 1245 187 1281 lum
208 1243 407 1292 Trojanum
426 1243 587 1280 aetatibus
606 1252 680 1279 tota
699 1242 806 1280 Italia
824 1243 947 1280 ceffiffe
966 1251 1155 1279 narrantur
1181 1241 1307 1279 Siculi.
1362 1243 1415 1280 At

110 1301 204 1339 illud
228 1302 378 1338 alterum
401 1302 512 1352 magis
536 1301 773 1351 probabiliter
801 1302 948 1347 saelum,
979 1302 1074 1352 quod
1109 1300 1182 1345 XI,
1213 1303 1415 1351 316-319

110 1374 235 1412 agrum
256 1360 425 1397 Latinum
445 1362 489 1397 ad
510 1361 678 1398 Tiberim
703 1363 788 1410 finis
809 1366 916 1412 fizper
940 1366 1036 1413 usque
1069 1361 1203 1398 Sicanos
1237 1360 1274 1397 h.
1306 1361 1416 1411 usque

109 1421 157 1457 ad
177 1420 382 1458 Siculorum
400 1419 572 1466 confinia,
601 1422 647 1458 ab
674 1422 839 1459 Auruncis
873 1421 1064 1471 Rutulffque
1080 1419 1153 1456 coli
1170 1419 1232 1456 ait.
1288 1419 1417 1456 Potue-

109 1490 193 1518 runt
207 1479 301 1516 enim
320 1479 405 1517 fines
425 1480 630 1517 Siculorum
649 1480 757 1516 etiam
789 1480 832 1517 iis
860 1480 1010 1530 expullis
1028 1478 1199 1515 memoria
1227 1480 1414 1517 hominum

109 1537 340 1589 frequentari
397 1537 584 1588 Disjungit
602 1551 710 1589 porro
726 1543 834 1589 po'e'ta
865 1540 1005 1590 Ausones
1035 1539 1081 1575 ab
1111 1538 1349 1590 Aborzjginibus
1375 1539 1414 1577 h.

110 1598 158 1635 ab
177 1598 221 1635 iis
240 1596 446 1634 hominibus
472 1598 558 1635 feris
586 1607 622 1633 et
649 1597 873 1641 silvestribus,
905 1597 967 1647 qui
996 1597 1104 1648 primi
1132 1597 1275 1634 Italiam
1293 1599 1415 1637 colue-

109 1667 206 1695 runt.
260 1656 416 1694 Seriores
434 1656 546 1697 enirn,
580 1666 614 1692 et
633 1668 736 1693 aurea
768 1657 844 1705 jam
871 1665 972 1693 aetate
990 1656 1050 1693 Sat
1060 1669 1213 1706 vzrnoque
1232 1670 1316 1706 rege
1332 1658 1414 1695 sub-

108 1717 199 1761 lato,
225 1728 285 1752 eos
316 1714 458 1751 Italiam
492 1714 661 1764 ingressos
688 1715 780 1752 dicit
812 1730 846 1753 v.
881 1719 953 1764 328
988 1715 1074 1752 Tum
1105 1731 1220 1753 manus
1255 1718 1413 1767 Ausonia.

111 1777 235 1815 Potuit
255 1785 290 1812 et
308 1776 390 1817 hoc,
423 1786 601 1824 tamquam
629 1776 751 1824 poeta,
786 1788 930 1824 ponere,
958 1773 1066 1810 etiam
1085 1787 1167 1810 cum
1192 1774 1330 1812 ratione
1347 1776 1414 1813 ali-

108 1851 195 1888 qua.
249 1834 324 1873 Etsi
343 1834 440 1871 enim
459 1834 645 1870 communi
662 1833 768 1884 stirpe
787 1834 1019 1884 procederent
1033 1842 1067 1868 et
1082 1842 1182 1869 vetus
1199 1833 1290 1870 illud
1319 1834 1413 1872 fero-

109 1909 188 1934 rum
211 1895 399 1932 hominum
417 1905 529 1943 genus
546 1902 581 1929 et
599 1893 677 1929 aliae
700 1902 823 1943 gentes
842 1891 1027 1935 Ausoniae,
1054 1900 1171 1927 tamen
1201 1892 1269 1928 suis
1294 1895 1413 1931 norni—

108 1955 215 1993 nibus
232 1952 393 1991 discretae
410 1961 529 1995 crant3
557 1952 719 2003 adeoque
754 1951 875 1988 mitius
902 1965 942 1987 ae
972 1950 1187 1987 mansuetius
1214 1964 1323 2000 genus
1350 1968 1413 2003 per

109 2014 312 2053 Ausonium
331 2025 462 2050 nomen
480 2011 660 2049 declarare
690 2011 809 2048 licuit.
866 2010 1071 2047 Domestica
1101 2021 1217 2047 autern
1248 2011 1350 2050 fuiffe
1376 2024 1413 2051 et

106 2076 233 2114 civilia
249 2076 342 2113 bella
370 2073 463 2109 inter
480 2071 592 2108 varias
611 2082 732 2122 gentes
752 2070 922 2107 Ausoniae
948 2069 1079 2119 stirpiS‚
1109 2069 1274 2120 adeoque
1301 2071 1412 2110 etiam

110 2135 332 2186 Aborigines
360 2132 458 2169 bello
488 2141 632 2167 vexatos
662 2131 727 2167 effe
755 2144 775 2165 a
802 2128 938 2165 caeteris
965 2128 1106 2178 populis
1123 2131 1306 2167 communi
1326 2143 1410 2169 cum

108 2195 235 2233 iisdem
254 2205 379 2245 genere
398 2190 501 2233 ortis,
528 2188 608 2226 satis
627 2189 812 2240 probabile
831 2189 985 2226 videtur.

162 2255 328 2294 Tandem
348 2254 453 2303 poeta
472 2249 639 2297 subjicit:
669 2250 798 2299 &sepius
815 2261 846 2285 et
863 2264 974 2285 nomen
997 2250 1104 2297 pqsuit
1122 2248 1286 2286 Saturnia
1301 2250 1410 2290 tellus.

109 2316 224 2353 Varia
251 2314 372 2364 utique
399 2309 512 2348 Italia:
539 2308 686 2345 nomina
717 2308 849 2345 tradita
876 2308 978 2352 sunt;
1008 2307 1032 2342 si
1053 2317 1169 2345 tamen
1196 2320 1271 2344 rem
1290 2311 1411 2359 paullo

106 2376 307 2414 accuratius
339 2370 520 2423 inspiciam,
549 2382 672 2420 parum
706 2369 896 2406 subtiliter.
952 2367 1115 2405 Omnino
1147 2368 1411 2418 (persequamur

106 2438 205 2475 enim
220 2436 295 2473 haec
313 2433 443 2475 obiter,
462 2428 755 2481 quandoquidem
783 2428 922 2466 turbata
953 2428 1028 2464 haec
1055 2429 1179 2465 omnia
1196 2430 1290 2478 apud
1317 2431 1408 2467 doc-

106 2497 253 2534 tiffimos
268 2493 379 2534 viros,
414 2490 523 2528 etiam
541 2490 586 2527 de
618 2488 723 2525 Italia
754 2489 848 2539 apud
877 2488 1088 2526 Cluverium
1120 2488 1255 2536 videas)
1283 2490 1410 2528 frustra

106 2557 178 2594 hoc
210 2554 427 2605 expefflatur,
461 2559 500 2586 ut
535 2548 656 2598 magni
687 2557 859 2584 terrarum
889 2547 1021 2584 trafius
1055 2547 1120 2584 sub
1156 2561 1227 2585 uno
1262 2550 1410 2588 nomine

107 2615 267 2656 veniant,
297 2621 485 2660 antequam
504 2608 568 2645 sub
596 2620 823 2644 communem
844 2605 987 2656 imperii
1003 2619 1043 2642 ac
1062 2606 1162 2657 regni
1196 2620 1408 2659 compagem

107 2674 282 2713 venerint.
336 2670 446 2707 Orbis
473 2680 558 2706 vero
584 2677 753 2704 terrarum
773 2676 886 2717 partes
904 2664 1047 2703 nornine
1066 2665 1211 2716 proprio
1230 2667 1408 2719 designari

110 2736 170 2776 vix
188 2740 378 2788 potuerunt
403 2738 485 2769 ante
514 2726 815 2780 Geographorum
844 2723 970 2763 studia.
1026 2724 1156 2762 Primis
1171 2728 1407 2778 temporibus,

1369 2796 1409 2826 ut
