1847 3313
399 261 735 314 PRIORIS
791 258 1264 309 EDITIONIS.
1481 271 1506 321 5

194 400 284 447 hoc
311 396 431 444 forte
454 393 703 457 aliquoties
720 392 897 439 saelum
919 391 1006 437 effe
1030 406 1200 453 parum
1224 400 1508 452 opportune,

194 497 288 527 non
313 491 474 525 tamen
497 475 717 522 oblivisci
755 474 988 521 debebant
1012 473 1104 519 viri
1126 473 1254 519 tiocli
1279 472 1343 528 id,
1378 471 1509 534 quod

184 562 289 626 jam
311 560 431 606 olim
453 558 623 605 diserte
646 557 827 611 monui,
852 571 929 600 me
952 552 1106 599 feciffe
1125 554 1173 599 id
1196 553 1355 600 sedulo
1380 555 1428 599 in
1451 553 1508 599 iis

191 642 324 698 locis,
358 640 441 686 ubi
479 638 737 700 superiores
774 637 1052 697 interpretes
1092 646 1172 680 aut
1211 634 1389 680 haefiffe
1427 647 1509 680 aut

190 724 340 788 lapsos
380 723 468 771 effe
507 722 756 774 videbam3
794 732 900 766 tum
935 720 1140 765 formula
1175 717 1399 780 loquendi
1424 732 1510 778 per

189 806 234 854 se
280 806 402 852 forte
447 818 544 851 erat
589 804 698 850 satis
743 817 869 859 nota,
916 818 1028 848 curn
1073 798 1382 847 cumulassent
1426 798 1509 845 alii

189 888 425 950 exempla,
460 886 540 933 sed
564 884 716 931 caussa
740 896 785 931 et
810 884 929 930 ratio
954 883 1058 929 talis
1083 882 1347 945 elegantiae,
1383 895 1436 928 ut
1459 882 1507 928 in

189 970 431 1035 plerisque
470 967 570 1014 fieri
593 966 724 1021 solet,
758 966 915 1012 minus
940 977 1037 1011 erat
1064 964 1139 1010 seu
1162 963 1405 1010 observata
1429 964 1507 1010 seu

187 1049 460 1114 perspecta:
504 1047 623 1092 hanc
648 1046 803 1108 digito
834 1045 1091 1091 monstrare
1115 1043 1243 1091 volui
1264 1068 1275 1098 ;
1312 1044 1507 1094 tandem

188 1144 235 1178 et
268 1131 418 1178 multa
456 1131 506 1176 in
546 1130 636 1176 hoc
661 1144 833 1191 genere
857 1127 944 1174 effe
969 1128 1119 1175 solent
1150 1127 1256 1174 satis
1283 1128 1436 1186 obvia,
1470 1128 1506 1176 fi

185 1214 328 1261 semel
350 1213 409 1259 ab
419 1212 579 1274 aliquo
600 1210 840 1256 observata
859 1204 1162 1272 et'explicata
1179 1209 1383 1266 fuerint;
1411 1227 1507 1259 non

185 1313 291 1344 raro
316 1309 474 1343 tamen
499 1294 672 1350 evenit,
705 1305 758 1339 ut
783 1293 864 1338 illa
888 1292 987 1354 ipsa
1007 1290 1237 1340 facillima
1259 1294 1395 1352 ratio,
1420 1313 1506 1342 an-

184 1390 378 1440 tequam
415 1374 668 1423 monstrata
706 1373 828 1429 esset,
862 1374 1199 1437 plerorumque
1233 1376 1393 1423 oculos
1432 1376 1510 1424 fu-

186 1475 335 1526 geret.

250 1563 296 1609 A
320 1559 618 1610 cumulandis
654 1558 885 1621 exemplis
921 1556 1081 1604 sedulo
1125 1559 1343 1618 abstinui,
1390 1578 1504 1610 cum

184 1649 382 1696 omnino
417 1645 555 1692 effem
592 1644 857 1706 proclivior
888 1643 946 1688 ad
984 1641 1293 1689 observandas
1331 1644 1504 1690 cauffas

184 1735 446 1782 formarum
467 1729 688 1792 loquendi
707 1741 751 1775 et
767 1728 1110 1792 elegantiarum
1127 1752 1138 1782 ;
1165 1728 1352 1791 possunt
1372 1729 1501 1776 enim

182 1815 402 1877 exempla
424 1810 622 1874 alicujus
648 1811 815 1857 formae
846 1810 1022 1872 apponi
1059 1811 1238 1864 vicena,
1272 1823 1319 1857 et
1342 1825 1501 1858 tamen

183 1898 381 1946 obscura
417 1910 605 1942 manere
639 1893 807 1939 formae
833 1892 903 1937 vis
927 1908 980 1938 ac
1005 1893 1150 1939 ratio:
1189 1893 1237 1939 id
1261 1893 1388 1955 quod
1413 1892 1502 1939 sae-

181 1983 368 2048 piffime
408 1981 458 2028 in
497 1979 710 2026 virorum
752 1977 1144 2033 doctissimorum,
1190 1977 1336 2023 etiam
1383 1975 1498 2022 Nic.

183 2063 371 2112 Heinfii
410 2074 457 2109 et
481 2059 758 2117 Burmanni,
793 2059 1192 2122 disputationibus
1217 2057 1499 2121 longissimis

183 2145 361 2193 faetum
399 2141 772 2194 animadvertas;
818 2140 952 2196 dum,
996 2140 1114 2204 quid
1153 2156 1211 2186 ex
1235 2140 1307 2185 his
1332 2137 1498 2200 colligi

180 2226 316 2294 posfit
339 2241 392 2272 ac
417 2224 603 2279 debeat,
636 2233 717 2269 aut
736 2222 821 2285 ipfi
845 2239 1016 2285 parum
1043 2221 1320 2284 perspexere
1343 2231 1437 2275 aut,
1462 2219 1497 2269 fi

180 2306 546 2375 perspiciebant,
581 2321 773 2353 monere
820 2306 1090 2369 neglexere.
1160 2303 1215 2351 In
1262 2303 1499 2365 elegantia

179 2404 341 2439 autem
379 2402 426 2436 et
461 2401 627 2435 ornatu
664 2388 906 2444 orationis,
938 2385 1250 2449 inprimisque
1285 2386 1497 2447 poetico,

181 2475 391 2524 multum
427 2472 586 2530 refert,
620 2488 679 2521 an
719 2483 875 2519 teneas
899 2470 1103 2518 cauffam
1126 2485 1180 2520 ac
1206 2469 1409 2515 modum
1434 2469 1497 2514 fi-

177 2568 359 2623 guratae
383 2554 622 2612 dic‘tionis,
655 2553 852 2603 inversae
875 2554 1135 2609 strunfturae‚
1169 2563 1366 2599 mutatae
1387 2551 1498 2596 vul-

180 2637 304 2703 garis
345 2635 694 2684 consuetudinis
733 2634 782 2681 in
818 2633 1177 2698 exquisitiorem
1211 2647 1265 2680 ac
1308 2631 1497 2677 (1οᾶἰο-

179 2734 417 2782 rem,quae
443 2723 636 2782 poetam
658 2718 822 2764 deceat
837 2739 850 2770 ;
879 2718 981 2765 Nec
1007 2715 1090 2763 nisi
1115 2714 1217 2760 haec
1242 2711 1499 2775 perspexe,

179 2800 244 2856 rit
279 2798 448 2869 aliquis
484 2812 793 2866 accurateque
827 2797 1045 2856 tenuerit,
1079 2796 1127 2845 in
1157 2794 1366 2863 patrium
1400 2793 1496 2840 ser..

1296 2892 1496 2928 monem
