1847 3313
356 267 448 318 482
550 263 601 310 P.
641 263 1017 315 VIRGILII
1078 269 1466 320 MARONIS

355 397 491 446 Stant
515 401 620 446 teeti
636 397 1060 466 circum-juvenes:
1096 404 1193 468 ipse
1217 419 1356 469 aeger,
1379 408 1615 466 anhelans,

357 486 492 535 Colla
517 489 658 547 fovet,
694 492 817 539 fusus
843 510 1101 556 propexam
1125 495 1172 540 in
1196 497 1384 557 peetore
1400 498 1626 545 barbam:

355 572 515 621 Multa
538 575 676 639 super
697 578 848 624 Lauso
867 579 1053 642 rogitat,
1089 581 1390 644 multumque
1413 584 1628 641 remittit,

353 662 453 726 Qi
478 677 714 720 revocent,
751 666 998 728 maestique
1024 666 1172 713 ferant
1196 665 1413 712 mandata
1438 666 1659 729 parentis.

351 752 421 798 At
440 751 645 798 Lausum
665 751 779 800 socii
801 756 1070 802 exanimem
1094 756 1233 818 super
1256 773 1385 803 arma
1408 756 1617 803 ferebant

352 840 553 899 Flentes,
589 842 847 905 ingentem,
880 856 1022 906 atque
1045 845 1227 908 ingenti
1249 845 1438 892 volnere
1459 845 1656 893 vietum,

348 931 598 994 Adgnovit
621 933 760 995 longe
773 911 1007 995 geniitum
1031 935 1240 999 praesaga
1259 937 1372 983 mali
1391 952 1540 982 mens.

350 1019 589 1068 Canitiem
612 1020 765 1066 multo
781 1020 1013 1069 deformat
1034 1025 1242 1086 pulvere,
1276 1037 1320 1071 et
1336 1025 1498 1072 ambas

349 1108 429 1155 Ad
448 1110 630 1156 coelum
653 1110 806 1157 tendit
820 1111 1015 1172 palmas,
1050 1125 1095 1160 et
1110 1129 1306 1177 corpore
1328 1115 1539 1163 inhaeret.
1568 1119 1655 1179 845

349 1205 563 1251 Tantane
589 1219 666 1249 me
682 1205 832 1250 tenuit
850 1204 1057 1261 vivendi,
1091 1218 1212 1263 nate,
1248 1208 1478 1272 voluptas,

392 1356 467 1395 837.
492 1356 573 1386 Stant
597 1359 698 1386 circum
725 1358 787 1386 ίεέὲἱ
812 1363 936 1397 proceres
962 1355 1081 1398 aliquot
1119 1353 1201 1389 Pier.
1247 1360 1326 1389 Stant
1340 1361 1388 1390 leti
1401 1360 1503 1391 DOYV·
1517 1370 1535 1390 a
1551 1369 1595 1392 m.
1611 1369 1661 1402 pra

347 1415 427 1448 alque
437 1409 491 1448 ipfi·
505 1420 580 1448 αξη
591 1408 686 1438 idem.
734 1409 845 1437 anhelus
864 1406 993 1439 Zulich.

341 1458 494 1501 pcrpffxm
505 1458 585 1489 vitia
601 1458 692 1488 codd.
707 1464 739 1489 et
755 1458 828 1490 edd.
875 1461 902 1487 in
918 1465 1026 1500 corpore
1040 1459 1125 1490 Gud.
1218 1459 1292 1502 839.
1317 1464 1437 1503 rogitans
1454 1462 1537 1493 Gud.
1559 1463 1654 1497 Leid,

345 1512 508 1551 multumque
537 1514 662 1548 remittit,
698 1510 782 1540 haud
808 1509 902 1540 dubie
929 1510 1064 1549 dOtstius,
1098 1512 1194 1541 Rom.
1223 1520 1255 1543 ct
1275 1513 1393 1545 Medic.
1413 1524 1486 1544 cum
1503 1515 1587 1546 Gud.
1605 1526 1654 1557 pr.

347 1560 487 1592 Mentel.
501 1569 534 1592 et
548 1561 669 1592 caeteris
684 1560 956 1602 praestantioribus
969 1572 975 1591 ε
1001 1561 1107 1603 itaque
1120 1562 1205 1593 reete
1222 1572 1383 1606 receperat
1396 1565 1552 1597 Heinsius.
1593 1568 1655 1599 Ex-

343 1613 423 1645 cidit
438 1620 545 1644 tamen
557 1620 588 1644 et
600 1613 658 1643 hoc
670 1612 843 1643 Burmanni
858 1613 1030 1644 recensioni
1044 1620 1075 1644 et
1087 1613 1203 1645 iterum
1216 1614 1340 1647 illatum
1352 1616 1483 1657 vulgare
1498 1619 1652 1659 mulasque³

344 1664 509 1701 ——840.
523 1667 620 1705 ferent
636 1665 709 1694 Exc.
732 1665 841 1694 Burm.
860 1671 890 1694 et
919 1666 1028 1696 Franc.
1077 1664 1197 1709 rasporgsa
1222 1667 1315 1699 Leid.

1407 1667 1481 1704 841.
1502 1671 1653 1702 exanimem

344 1716 456 1748 Heius.
468 1728 486 1747 e
501 1717 623 1758 scriptis
632 1716 792 1747 revocavit
806 1727 814 1753 ;
837 1716 933 1758 vulgo
945 1718 1112 1748 exanimum.
1148 1727 1178 1748 v.
1199 1717 1238 1748 ad
1267 1719 1312 1747 IV
1327 1719 1404 1749 AEn.
1420 1718 1451 1750 8.
1497 1723 1655 1752 exanimum

331 1771 404 1810 ficii
418 1767 531 1798 Parth.
547 1775 580 1798 et
595 1767 775 1798 Dorvill.—-
782 1766 893 1804 ——843.
918 1768 1045 1809 Agnoscit
1060 1766 1140 1798 alter
1150 1767 1263 1799 Hamb.
1356 1767 1430 1806 844.
1448 1772 1530 1801 multo
1543 1772 1654 1805 Heius.

342 1820 515 1852 secundum
528 1820 670 1850 Pierium
685 1818 821 1855 reduxit,
844 1819 884 1848 ob
901 1819 990 1849 codd.
1003 1819 1199 1856 consensum,
1221 1827 1253 1851 et
1269 1820 1416 1851 Macrob.
1439 1822 1496 1860 IV,
1527 1831 1557 1861 3,
1581 1831 1652 1856 tum

342 1881 471 1912 quoque
485 1870 616 1901 variaffe
632 1870 783 1901 dicendus
798 1869 841 1900 est
857 1873 956 1911 poeta
986 1869 1030 1908 id,
1066 1870 1153 1911 quod
1179 1870 1234 1902 lib.
1263 1872 1339 1908 XII,
1365 1871 1426 1902 611
1443 1874 1653 1908 retraetavit:

342 1921 505 1954 Canitiem
535 1923 667 1951 immundo
691 1922 835 1962 perfffhm
856 1921 974 1962 pulvere
1002 1928 1118 1962 turpans
1132 1928 1141 1959 ς·
1178 1921 1262 1952 unde
1278 1921 1311 1952 in
1325 1922 1516 1954 recentiores
1540 1923 1652 1965 (etiam

344 1973 446 2005 Goth.
466 1973 537 2014 sec.)
568 1979 600 2002 et
625 1972 657 2002 in
683 1972 757 2003 edd.
776 1970 808 2002 h.
841 1970 861 2002 1.
895 1971 1004 2001 venit:
1042 1973 1175 2002 immundo
1194 1974 1220 2002 d.
1234 1980 1265 2014 p.
1358 1972 1431 2011 845.
1452 1978 1558 2016 corpori
1572 1976 1655 2010 alter

343 2026 475 2065 Menag.
487 2025 613 2055 Moret.
626 2023 684 2053 sec.
701 2030 732 2053 et
748 2034 766 2053 a
780 2033 824 2054 m.
843 2032 893 2064 pr.
909 2021 1054 2060 Zulich.‚
1074 2023 1159 2064 quod
1175 2023 1337 2065 vulgarius
1352 2023 1447 2062 ess'et3
1470 2034 1553 2056 nunc
1563 2028 1653 2061 haeret

594 2073 667 2111 846.
688 2075 815 2105 volunta:
830 2074 927 2105 etiam
944 2073 995 2104 hic
1011 2073 1132 2116 aliquot
1148 2075 1257 2106 Burm.
1272 2084 1344 2105 cum
1353 2084 1401 2116 pr.
1415 2081 1446 2106 et
1457 2082 1531 2107 tert.
1547 2080 1648 2114 Goth.

340 2081 369 2109 in
383 2083 502 2118 corpore.

1086 1407 1161 1447 838.
1179 1412 1345 1452 prqspcxam
1356 1412 1454 1443 Rom.
1495 1417 1659 1453 perpexam,
1714 1431 1718 1434 -

339 2203 438 2239 cent,
478 2195 524 2232 de
559 2193 685 2236 armis,
735 2192 792 2230 seu
829 2191 960 2242 clipeo.

341 2251 433 2295 838.
460 2245 696 2297 Collafovet:
728 2243 871 2281 sustinet
902 2257 961 2281 ca-

338 2308 406 2349 put
423 2297 559 2335 arboris
575 2306 717 2334 trunco.
759 2299 863 2347 fzgfns
881 2295 962 2333 bar-

337 2349 434 2392 bam,
461 2349 593 2386 habens
619 2347 785 2391 barbam,
811 2359 962 2397 eamque

338 2413 553 2452 propexam,
606 2398 719 2436 fusam
757 2399 795 2435 in
825 2399 960 2449 pestus,

338 2465 415 2491 non
432 2452 589 2490 otiosum
612 2452 674 2496 est,
701 2449 761 2487 sed
792 2451 834 2486 ad
872 2451 961 2499 ἔνάς-

337 2523 431 2553 ’μιαν
467 2502 723 2555 phantasmatis
753 2500 960 2551 requireba-

338 2566 415 2602 tur,
440 2556 528 2593 dum
547 2555 593 2592 ad
618 2563 788 2592 truncum
805 2553 960 2590 acclina-

336 2617 397 2646 tus
426 2606 546 2659 capite
579 2605 742 2646 demiffo,
798 2604 959 2643 recubat.

336 2665 522 2710 inpeeore,
549 2671 614 2708 pro
631 2658 670 2695 in
682 2656 817 2708 pefluS,
844 2665 884 2692 ut
897 2654 958 2692 be-

338 2721 383 2748 ne
400 2710 517 2755 Serv„
542 2709 704 2760 antique.

393 2764 482 2811 841.
509 2761 586 2798 Hic
616 2772 787 2812 magnum
812 2759 958 2810 poetam

1025 2192 1160 2237 effecit,
1187 2202 1226 2230 ut
1241 2190 1433 2239 Mezentii,
1459 2192 1648 2231 taminvifi

1025 2244 1196 2288 hominis,
1241 2243 1471 2281 miseratione
1510 2244 1650 2283 animos

1025 2296 1160 2333 nostros
1177 2305 1349 2346 tangeret.
1405 2294 1600 2334 Rationem
1614 2307 1650 2333 et

1026 2346 1190 2392 modum,
1218 2356 1254 2384 et
1284 2360 1365 2397 quae
1396 2347 1458 2384 illa
1475 2347 1558 2392 sint,
1584 2360 1648 2397 per

1024 2411 1104 2448 quae
1132 2398 1206 2436 haec
1241 2397 1374 2442 effecit,
1409 2398 1556 2435 videant
1582 2399 1647 2436 ha-

1026 2461 1105 2487 rum
1123 2463 1239 2487 rerum
1257 2449 1413 2487 studiofi.
1452 2453 1558 2500 fitper
1587 2467 1648 2488 αν-

1025 2516 1094 2545 ma,
1123 2500 1226 2553 super
1243 2500 1377 2550 clipeo,
1403 2510 1444 2539 ut
1467 2501 1576 2538 facile
1593 2502 1648 2539 as-

1024 2552 1190 2603 sequeris.
1219 2551 1270 2590 cf.
1290 2552 1365 2603 sup.
1389 2553 1475 2604 506.
1530 2560 1649 2604 ingen-

1022 2607 1287 2657 tem—ingenti:
1340 2604 1451 2642 etiam
1485 2603 1562 2641 haec
1597 2604 1645 2642 ad

1024 2655 1373 2694 commendationem
1405 2654 1483 2693 caest
1498 2654 1644 2705 juvenis

1021 2707 1214 2758 pertinent.
1267 2712 1366 2745 Κεῗτο
1398 2710 1507 2755 μέγας
1532 2724 1644 2755 ,asya-

1021 2759 1104 2801 λωςῑ
1120 2757 1229 2798 Iliad·
1257 2775 1301 2803 π,
1328 2762 1417 2811 776·
1471 2759 1557 2809 844·
1583 2760 1644 2796 de-

338 2813 381 2853 in
408 2812 466 2853 his
494 2811 662 2866 agnosce,
687 2810 788 2864 quod
804 2822 881 2854 arte
895 2811 958 2851 sua
1006 2815 1171 2863 format:
1197 2810 1246 2853 fic
1274 2819 1378 2851 ornat
1401 2809 1645 2851 Homencum

1540 2877 1644 2902 παῖδ’*
