<?xml version="1.0" encoding="UTF-8"?>
<!DOCTYPE html PUBLIC "-//W3C//DTD XHTML 1.0 Transitional//EN"
    "http://www.w3.org/TR/xhtml1/DTD/xhtml1-transitional.dtd">
<html xmlns="http://www.w3.org/1999/xhtml" xml:lang="en" lang="en">
 <head>
  <title>
</title>
<meta http-equiv="Content-Type" content="text/html;charset=utf-8" />
  <meta name='ocr-system' content='tesseract 3.04.00' />
  <meta name='ocr-capabilities' content='ocr_page ocr_carea ocr_par ocr_line ocrx_word'/>
</head>
<body>
  <div class='ocr_page' id='page_1' title='image "./operavarietatele03virguoft/operavarietatele03virguoft_0561.png"; bbox 0 0 1847 3313; ppageno 0'>
   <div class='ocr_carea' id='block_1_1' title="bbox 360 225 1391 292">
    <p class='ocr_par' dir='ltr' id='par_1_1' title="bbox 360 225 1391 292">
     <span class='ocr_line' id='line_1_1' title="bbox 360 225 1391 292; baseline -0.008 -13"><span class='ocrx_word' id='word_1_1' title='bbox 360 227 764 286; x_wconf 81' lang='lat' dir='ltr'>AENElDOS,</span> <span class='ocrx_word' id='word_1_2' title='bbox 818 227 969 275; x_wconf 69' lang='grc' dir='ltr'>ΜΒ.</span> <span class='ocrx_word' id='word_1_3' title='bbox 1027 225 1120 278; x_wconf 81' lang='lat' dir='ltr'>XI.</span> <span class='ocrx_word' id='word_1_4' title='bbox 1301 242 1391 292; x_wconf 75' lang='lat'>537</span> 
     </span>
    </p>
   </div>
   <div class='ocr_carea' id='block_1_2' title="bbox 81 354 1397 964">
    <p class='ocr_par' dir='ltr' id='par_1_2' title="bbox 81 354 1397 964">
     <span class='ocr_line' id='line_1_2' title="bbox 89 354 1285 428; baseline -0.009 -15"><span class='ocrx_word' id='word_1_5' title='bbox 89 366 252 422; x_wconf 77' lang='lat' dir='ltr'>Cedat,</span> <span class='ocrx_word' id='word_1_6' title='bbox 278 364 356 428; x_wconf 86' lang='lat' dir='ltr'>jus</span> <span class='ocrx_word' id='word_1_7' title='bbox 379 363 629 427; x_wconf 90' lang='lat' dir='ltr'>proprium</span> <span class='ocrx_word' id='word_1_8' title='bbox 652 360 751 424; x_wconf 86' lang='lat' dir='ltr'>regi</span> <span class='ocrx_word' id='word_1_9' title='bbox 772 358 1034 422; x_wconf 67' lang='lat' dir='ltr'>patriaeque</span> <span class='ocrx_word' id='word_1_10' title='bbox 1057 354 1285 402; x_wconf 85' lang='lat' dir='ltr'>remittat.</span> 
     </span>
     <span class='ocr_line' id='line_1_3' title="bbox 85 442 1397 520; baseline -0.01 -17"><span class='ocrx_word' id='word_1_11' title='bbox 85 457 219 520; x_wconf 80' lang='lat' dir='ltr'>Qid</span> <span class='ocrx_word' id='word_1_12' title='bbox 245 454 432 502; x_wconf 86' lang='lat' dir='ltr'>miseros</span> <span class='ocrx_word' id='word_1_13' title='bbox 458 453 593 500; x_wconf 85' lang='lat' dir='ltr'>toties</span> <span class='ocrx_word' id='word_1_14' title='bbox 614 453 664 498; x_wconf 89' lang='lat' dir='ltr'>in</span> <span class='ocrx_word' id='word_1_15' title='bbox 687 448 852 515; x_wconf 36' lang='lat' dir='ltr'>aperta*</span> <span class='ocrx_word' id='word_1_16' title='bbox 867 448 1076 512; x_wconf 87' lang='lat' dir='ltr'>pericula</span> <span class='ocrx_word' id='word_1_17' title='bbox 1098 445 1217 493; x_wconf 87' lang='lat' dir='ltr'>civis</span> <span class='ocrx_word' id='word_1_18' title='bbox 1300 442 1397 505; x_wconf 82' lang='lat'>360</span> 
     </span>
     <span class='ocr_line' id='line_1_4' title="bbox 86 531 1397 609; baseline -0.009 -17"><span class='ocrx_word' id='word_1_19' title='bbox 86 545 301 609; x_wconf 81' lang='lat' dir='ltr'>ProjiciS,</span> <span class='ocrx_word' id='word_1_20' title='bbox 322 560 352 590; x_wconf 95' lang='lat' dir='ltr'>o</span> <span class='ocrx_word' id='word_1_21' title='bbox 377 542 517 591; x_wconf 83' lang='lat' dir='ltr'>Latio</span> <span class='ocrx_word' id='word_1_22' title='bbox 538 553 681 606; x_wconf 79' lang='lat' dir='ltr'>caput</span> <span class='ocrx_word' id='word_1_23' title='bbox 703 541 874 587; x_wconf 87' lang='lat' dir='ltr'>horum</span> <span class='ocrx_word' id='word_1_24' title='bbox 893 551 938 585; x_wconf 89' lang='lat' dir='ltr'>et</span> <span class='ocrx_word' id='word_1_25' title='bbox 957 537 1107 585; x_wconf 80' lang='lat' dir='ltr'>cauffa</span> <span class='ocrx_word' id='word_1_26' title='bbox 1124 531 1397 584; x_wconf 80' lang='lat' dir='ltr'>malorum?</span> 
     </span>
     <span class='ocr_line' id='line_1_5' title="bbox 84 629 1293 696; baseline -0.009 -14"><span class='ocrx_word' id='word_1_27' title='bbox 84 635 232 682; x_wconf 85' lang='lat' dir='ltr'>Nulla</span> <span class='ocrx_word' id='word_1_28' title='bbox 256 632 370 680; x_wconf 80' lang='lat' dir='ltr'>salus</span> <span class='ocrx_word' id='word_1_29' title='bbox 395 633 519 680; x_wconf 89' lang='lat' dir='ltr'>bello</span> <span class='ocrx_word' id='word_1_30' title='bbox 539 651 549 680; x_wconf 77' lang='lat' dir='ltr'><strong><em>z</em></strong></span> <span class='ocrx_word' id='word_1_31' title='bbox 586 647 756 696; x_wconf 86' lang='lat' dir='ltr'>pacem</span> <span class='ocrx_word' id='word_1_32' title='bbox 781 643 827 677; x_wconf 89' lang='lat' dir='ltr'>te</span> <span class='ocrx_word' id='word_1_33' title='bbox 849 629 1087 692; x_wconf 88' lang='lat' dir='ltr'>poscimus</span> <span class='ocrx_word' id='word_1_34' title='bbox 1111 641 1293 685; x_wconf 88' lang='lat' dir='ltr'>omnes,</span> 
     </span>
     <span class='ocr_line' id='line_1_6' title="bbox 86 718 1293 784; baseline -0.007 -14"><span class='ocrx_word' id='word_1_35' title='bbox 86 724 280 776; x_wconf 89' lang='lat' dir='ltr'>Turne;</span> <span class='ocrx_word' id='word_1_36' title='bbox 316 722 451 769; x_wconf 89' lang='lat' dir='ltr'>fimul</span> <span class='ocrx_word' id='word_1_37' title='bbox 475 723 604 784; x_wconf 87' lang='lat' dir='ltr'>pacis</span> <span class='ocrx_word' id='word_1_38' title='bbox 630 721 782 769; x_wconf 89' lang='lat' dir='ltr'>solum</span> <span class='ocrx_word' id='word_1_39' title='bbox 805 719 1081 768; x_wconf 82' lang='lat' dir='ltr'>inviolabile</span> <span class='ocrx_word' id='word_1_40' title='bbox 1103 718 1293 781; x_wconf 83' lang='lat' dir='ltr'>pignus.</span> 
     </span>
     <span class='ocr_line' id='line_1_7' title="bbox 81 805 1342 875; baseline -0.006 -15"><span class='ocrx_word' id='word_1_41' title='bbox 81 812 272 861; x_wconf 82' lang='lat' dir='ltr'><strong>Primus</strong></span> <span class='ocrx_word' id='word_1_42' title='bbox 298 828 402 875; x_wconf 82' lang='lat' dir='ltr'>ego,</span> <span class='ocrx_word' id='word_1_43' title='bbox 426 811 628 859; x_wconf 88' lang='lat' dir='ltr'>invisum</span> <span class='ocrx_word' id='word_1_44' title='bbox 652 828 796 874; x_wconf 90' lang='lat' dir='ltr'>quem</span> <span class='ocrx_word' id='word_1_45' title='bbox 819 824 870 860; x_wconf 88' lang='lat' dir='ltr'>tu</span> <span class='ocrx_word' id='word_1_46' title='bbox 895 811 984 857; x_wconf 89' lang='lat' dir='ltr'>tibi</span> <span class='ocrx_word' id='word_1_47' title='bbox 1011 809 1164 871; x_wconf 85' lang='lat' dir='ltr'>fingis,</span> <span class='ocrx_word' id='word_1_48' title='bbox 1185 820 1230 872; x_wconf 83' lang='lat' dir='ltr'>et.</span> <span class='ocrx_word' id='word_1_49' title='bbox 1253 805 1342 853; x_wconf 78' lang='lat' dir='ltr'>esse</span> 
     </span>
     <span class='ocr_line' id='line_1_8' title="bbox 82 898 1396 964; baseline -0.005 -15"><span class='ocrx_word' id='word_1_50' title='bbox 82 902 169 950; x_wconf 90' lang='lat' dir='ltr'>Nil</span> <span class='ocrx_word' id='word_1_51' title='bbox 193 917 366 958; x_wconf 83' lang='lat' dir='ltr'>moror,</span> <span class='ocrx_word' id='word_1_52' title='bbox 391 917 463 956; x_wconf 88' lang='lat' dir='ltr'>en,</span> <span class='ocrx_word' id='word_1_53' title='bbox 490 901 689 964; x_wconf 85' lang='lat' dir='ltr'><strong>supplex</strong></span> <span class='ocrx_word' id='word_1_54' title='bbox 711 903 867 949; x_wconf 89' lang='lat' dir='ltr'>venio.</span> <span class='ocrx_word' id='word_1_55' title='bbox 938 898 1165 946; x_wconf 80' lang='lat' dir='ltr'>Miserere</span> <span class='ocrx_word' id='word_1_56' title='bbox 1189 908 1396 954; x_wconf 83' lang='lat' dir='ltr'>tuorum,</span> 
     </span>
    </p>
   </div>
   <div class='ocr_carea' id='block_1_3' title="bbox 84 985 1393 1135">
    <p class='ocr_par' dir='ltr' id='par_1_3' title="bbox 84 985 1393 1135">
     <span class='ocr_line' id='line_1_9' title="bbox 84 985 1393 1050; baseline -0.006 -11"><span class='ocrx_word' id='word_1_57' title='bbox 84 993 214 1039; x_wconf 90' lang='lat' dir='ltr'>Pone</span> <span class='ocrx_word' id='word_1_58' title='bbox 235 991 432 1046; x_wconf 79' lang='lat' dir='ltr'>animos,</span> <span class='ocrx_word' id='word_1_59' title='bbox 456 1002 502 1035; x_wconf 78' lang='lat' dir='ltr'>et</span> <span class='ocrx_word' id='word_1_60' title='bbox 517 986 676 1050; x_wconf 88' lang='lat' dir='ltr'>pulsus</span> <span class='ocrx_word' id='word_1_61' title='bbox 698 985 793 1032; x_wconf 82' lang='lat' dir='ltr'>abi.</span> <span class='ocrx_word' id='word_1_62' title='bbox 861 986 941 1031; x_wconf 83' lang='lat' dir='ltr'>Sat</span> <span class='ocrx_word' id='word_1_63' title='bbox 965 986 1126 1032; x_wconf 82' lang='lat' dir='ltr'>funera</span> <span class='ocrx_word' id='word_1_64' title='bbox 1149 985 1237 1032; x_wconf 86' lang='lat' dir='ltr'>fufi</span> <span class='ocrx_word' id='word_1_65' title='bbox 1297 985 1393 1048; x_wconf 86' lang='lat'>366</span> 
     </span>
     <span class='ocr_line' id='line_1_10' title="bbox 84 1068 1123 1135; baseline -0.006 -14"><span class='ocrx_word' id='word_1_66' title='bbox 84 1075 317 1129; x_wconf 81' lang='lat' dir='ltr'>Vidimus,</span> <span class='ocrx_word' id='word_1_67' title='bbox 341 1072 542 1135; x_wconf 83' lang='lat' dir='ltr'>ingentis</span> <span class='ocrx_word' id='word_1_68' title='bbox 567 1082 613 1116; x_wconf 86' lang='lat' dir='ltr'>et</span> <span class='ocrx_word' id='word_1_69' title='bbox 635 1068 949 1116; x_wconf 85' lang='lat' dir='ltr'>desolavimus</span> <span class='ocrx_word' id='word_1_70' title='bbox 972 1083 1123 1130; x_wconf 82' lang='lat' dir='ltr'>agrOS.</span> 
     </span>
    </p>
   </div>
   <div class='ocr_carea' id='block_1_4' title="bbox 83 1157 1240 1314">
    <p class='ocr_par' dir='ltr' id='par_1_4' title="bbox 83 1157 1240 1314">
     <span class='ocr_line' id='line_1_11' title="bbox 83 1157 1240 1223; baseline -0.01 -8"><span class='ocrx_word' id='word_1_71' title='bbox 83 1169 198 1223; x_wconf 86' lang='lat' dir='ltr'>Aut,</span> <span class='ocrx_word' id='word_1_72' title='bbox 222 1165 255 1211; x_wconf 87' lang='lat' dir='ltr'><strong>fi</strong></span> <span class='ocrx_word' id='word_1_73' title='bbox 283 1165 406 1210; x_wconf 82' lang='lat' dir='ltr'>fama</span> <span class='ocrx_word' id='word_1_74' title='bbox 430 1173 603 1217; x_wconf 82' lang='lat' dir='ltr'>movet,</span> <span class='ocrx_word' id='word_1_75' title='bbox 626 1159 660 1205; x_wconf 87' lang='lat' dir='ltr'>fi</span> <span class='ocrx_word' id='word_1_76' title='bbox 681 1170 867 1205; x_wconf 84' lang='lat' dir='ltr'>tanturn</span> <span class='ocrx_word' id='word_1_77' title='bbox 885 1157 1075 1221; x_wconf 60' lang='lat' dir='ltr'>peelore</span> <span class='ocrx_word' id='word_1_78' title='bbox 1093 1157 1240 1204; x_wconf 86' lang='lat' dir='ltr'>robur</span> 
     </span>
     <span class='ocr_line' id='line_1_12' title="bbox 86 1245 1211 1314; baseline -0.007 -15"><span class='ocrx_word' id='word_1_79' title='bbox 86 1251 329 1314; x_wconf 82' lang='lat' dir='ltr'>ConcipiS,</span> <span class='ocrx_word' id='word_1_80' title='bbox 354 1262 399 1296; x_wconf 83' lang='lat' dir='ltr'>et</span> <span class='ocrx_word' id='word_1_81' title='bbox 423 1249 456 1294; x_wconf 90' lang='lat' dir='ltr'>s1</span> <span class='ocrx_word' id='word_1_82' title='bbox 479 1248 595 1294; x_wconf 82' lang='lat' dir='ltr'>adeo</span> <span class='ocrx_word' id='word_1_83' title='bbox 618 1247 787 1298; x_wconf 80' lang='lat' dir='ltr'>dotalis</span> <span class='ocrx_word' id='word_1_84' title='bbox 811 1245 939 1308; x_wconf 85' lang='lat' dir='ltr'>regia</span> <span class='ocrx_word' id='word_1_85' title='bbox 962 1245 1094 1292; x_wconf 85' lang='lat' dir='ltr'>cordi</span> <span class='ocrx_word' id='word_1_86' title='bbox 1117 1245 1211 1292; x_wconf 84' lang='lat' dir='ltr'>est:</span> 
     </span>
    </p>
   </div>
   <div class='ocr_carea' id='block_1_5' title="bbox 71 1395 1397 2160">
    <p class='ocr_par' dir='ltr' id='par_1_5' title="bbox 71 1395 1397 2160">
     <span class='ocr_line' id='line_1_13' title="bbox 129 1395 1396 1445; baseline -0.005 -12"><span class='ocrx_word' id='word_1_87' title='bbox 129 1412 146 1442; x_wconf 87' lang='lat'><strong>3</strong></span> <span class='ocrx_word' id='word_1_88' title='bbox 150 1412 203 1444; x_wconf 79' lang='lat'>59.</span> <span class='ocrx_word' id='word_1_89' title='bbox 220 1404 367 1445; x_wconf 73' lang='lat' dir='ltr'>proprium</span> <span class='ocrx_word' id='word_1_90' title='bbox 384 1401 435 1432; x_wconf 83' lang='lat' dir='ltr'>vel</span> <span class='ocrx_word' id='word_1_91' title='bbox 460 1402 588 1443; x_wconf 80' lang='lat' dir='ltr'>patrium</span> <span class='ocrx_word' id='word_1_92' title='bbox 617 1397 748 1430; x_wconf 84' lang='lat' dir='ltr'>Zulich.</span> <span class='ocrx_word' id='word_1_93' title='bbox 787 1397 952 1440; x_wconf 72' lang='lat' dir='ltr'>patria-que</span> <span class='ocrx_word' id='word_1_94' title='bbox 968 1405 1064 1437; x_wconf 85' lang='lat' dir='ltr'>quam</span> <span class='ocrx_word' id='word_1_95' title='bbox 1080 1395 1248 1427; x_wconf 89' lang='lat' dir='ltr'>commode</span> <span class='ocrx_word' id='word_1_96' title='bbox 1271 1403 1396 1427; x_wconf 87' lang='lat' dir='ltr'>memo-</span> 
     </span>
     <span class='ocr_line' id='line_1_14' title="bbox 83 1447 1396 1493; baseline -0.007 -7"><span class='ocrx_word' id='word_1_97' title='bbox 83 1463 185 1493; x_wconf 78' lang='lat' dir='ltr'>retur,</span> <span class='ocrx_word' id='word_1_98' title='bbox 210 1466 275 1485; x_wconf 85' lang='lat' dir='ltr'>uon</span> <span class='ocrx_word' id='word_1_99' title='bbox 291 1455 415 1487; x_wconf 76' lang='lat' dir='ltr'>dican13</span> <span class='ocrx_word' id='word_1_100' title='bbox 439 1451 659 1493; x_wconf 80' lang='lat' dir='ltr'>accipiendum</span> <span class='ocrx_word' id='word_1_101' title='bbox 681 1450 720 1481; x_wconf 87' lang='lat' dir='ltr'>de</span> <span class='ocrx_word' id='word_1_102' title='bbox 748 1449 867 1491; x_wconf 89' lang='lat' dir='ltr'>populo</span> <span class='ocrx_word' id='word_1_103' title='bbox 893 1448 1087 1478; x_wconf 84' lang='lat' dir='ltr'>Latinorum</span> <span class='ocrx_word' id='word_1_104' title='bbox 1111 1455 1142 1478; x_wconf 87' lang='lat' dir='ltr'>et</span> <span class='ocrx_word' id='word_1_105' title='bbox 1158 1448 1197 1478; x_wconf 90' lang='lat' dir='ltr'>de</span> <span class='ocrx_word' id='word_1_106' title='bbox 1219 1447 1317 1479; x_wconf 85' lang='lat' dir='ltr'>salute</span> <span class='ocrx_word' id='word_1_107' title='bbox 1336 1457 1396 1489; x_wconf 81' lang='lat' dir='ltr'>pu-</span> 
     </span>
     <span class='ocr_line' id='line_1_15' title="bbox 85 1499 1397 1544; baseline -0.005 -7"><span class='ocrx_word' id='word_1_108' title='bbox 85 1506 178 1537; x_wconf 81' lang='lat' dir='ltr'>blica.</span> <span class='ocrx_word' id='word_1_109' title='bbox 223 1505 358 1536; x_wconf 77' lang='lat' dir='ltr'>Latinus</span> <span class='ocrx_word' id='word_1_110' title='bbox 373 1505 405 1535; x_wconf 86' lang='lat' dir='ltr'>in</span> <span class='ocrx_word' id='word_1_111' title='bbox 429 1503 541 1540; x_wconf 75' lang='lat' dir='ltr'>filiam,</span> <span class='ocrx_word' id='word_1_112' title='bbox 563 1502 690 1544; x_wconf 80' lang='lat' dir='ltr'>ejusque</span> <span class='ocrx_word' id='word_1_113' title='bbox 718 1499 904 1541; x_wconf 82' lang='lat' dir='ltr'>conjugium</span> <span class='ocrx_word' id='word_1_114' title='bbox 920 1499 1050 1541; x_wconf 84' lang='lat' dir='ltr'>quicum</span> <span class='ocrx_word' id='word_1_115' title='bbox 1072 1499 1169 1530; x_wconf 79' lang='lat' dir='ltr'>vellet</span> <span class='ocrx_word' id='word_1_116' title='bbox 1181 1499 1397 1541; x_wconf 82' lang='lat' dir='ltr'>jungendum,</span> 
     </span>
     <span class='ocr_line' id='line_1_16' title="bbox 82 1549 1395 1598; baseline -0.004 -11"><span class='ocrx_word' id='word_1_117' title='bbox 82 1556 133 1598; x_wconf 77' lang='lat' dir='ltr'>jus</span> <span class='ocrx_word' id='word_1_118' title='bbox 148 1555 286 1587; x_wconf 62' lang='lat' dir='ltr'>hahebat</span> <span class='ocrx_word' id='word_1_119' title='bbox 313 1554 447 1596; x_wconf 77' lang='lat' dir='ltr'>duplex:</span> <span class='ocrx_word' id='word_1_120' title='bbox 473 1561 504 1584; x_wconf 88' lang='lat' dir='ltr'>et</span> <span class='ocrx_word' id='word_1_121' title='bbox 531 1560 696 1593; x_wconf 77' lang='lat' dir='ltr'>tamquam</span> <span class='ocrx_word' id='word_1_122' title='bbox 721 1558 823 1593; x_wconf 85' lang='lat' dir='ltr'>pater,</span> <span class='ocrx_word' id='word_1_123' title='bbox 849 1558 879 1581; x_wconf 85' lang='lat' dir='ltr'>et</span> <span class='ocrx_word' id='word_1_124' title='bbox 904 1557 1069 1591; x_wconf 85' lang='lat' dir='ltr'>tamquam</span> <span class='ocrx_word' id='word_1_125' title='bbox 1094 1559 1160 1581; x_wconf 85' lang='lat' dir='ltr'>rex.</span> <span class='ocrx_word' id='word_1_126' title='bbox 1208 1549 1310 1591; x_wconf 86' lang='lat' dir='ltr'>Igitur</span> <span class='ocrx_word' id='word_1_127' title='bbox 1328 1560 1395 1582; x_wconf 82' lang='lat' dir='ltr'>non</span> 
     </span>
     <span class='ocr_line' id='line_1_17' title="bbox 77 1600 1394 1653; baseline -0.005 -13"><span class='ocrx_word' id='word_1_128' title='bbox 77 1612 188 1653; x_wconf 62' lang='lat' dir='ltr'>patriae</span> <span class='ocrx_word' id='word_1_129' title='bbox 212 1608 263 1639; x_wconf 73' lang='lat' dir='ltr'>sed</span> <span class='ocrx_word' id='word_1_130' title='bbox 280 1610 395 1650; x_wconf 80' lang='lat' dir='ltr'>regique</span> <span class='ocrx_word' id='word_1_131' title='bbox 418 1608 556 1649; x_wconf 63' lang='lat' dir='ltr'>patrique</span> <span class='ocrx_word' id='word_1_132' title='bbox 578 1604 706 1635; x_wconf 79' lang='lat' dir='ltr'>videtur</span> <span class='ocrx_word' id='word_1_133' title='bbox 733 1602 916 1644; x_wconf 85' lang='lat' dir='ltr'>legendum.</span> <span class='ocrx_word' id='word_1_134' title='bbox 962 1600 1078 1632; x_wconf 77' lang='lat' dir='ltr'>Nullus</span> <span class='ocrx_word' id='word_1_135' title='bbox 1092 1608 1201 1632; x_wconf 78' lang='lat' dir='ltr'>tamen</span> <span class='ocrx_word' id='word_1_136' title='bbox 1218 1601 1316 1633; x_wconf 81' lang='lat' dir='ltr'>codex</span> <span class='ocrx_word' id='word_1_137' title='bbox 1330 1601 1394 1634; x_wconf 85' lang='lat' dir='ltr'>hoe</span> 
     </span>
     <span class='ocr_line' id='line_1_18' title="bbox 84 1651 1395 1703; baseline -0.005 -11"><span class='ocrx_word' id='word_1_138' title='bbox 84 1661 226 1703; x_wconf 68' lang='lat' dir='ltr'>praefert,</span> <span class='ocrx_word' id='word_1_139' title='bbox 254 1659 310 1690; x_wconf 76' lang='lat' dir='ltr'>nisi</span> <span class='ocrx_word' id='word_1_140' title='bbox 326 1669 406 1689; x_wconf 82' lang='lat' dir='ltr'>uuus</span> <span class='ocrx_word' id='word_1_141' title='bbox 423 1656 522 1687; x_wconf 87' lang='lat' dir='ltr'>Goth.</span> <span class='ocrx_word' id='word_1_142' title='bbox 540 1662 627 1693; x_wconf 67' lang='lat' dir='ltr'>tert„</span> <span class='ocrx_word' id='word_1_143' title='bbox 652 1655 684 1685; x_wconf 88' lang='lat' dir='ltr'>in</span> <span class='ocrx_word' id='word_1_144' title='bbox 712 1665 776 1696; x_wconf 86' lang='lat' dir='ltr'>quo</span> <span class='ocrx_word' id='word_1_145' title='bbox 795 1656 876 1696; x_wconf 83' lang='lat' dir='ltr'>patri</span> <span class='ocrx_word' id='word_1_146' title='bbox 902 1653 957 1691; x_wconf 89' lang='lat' dir='ltr'>est,</span> <span class='ocrx_word' id='word_1_147' title='bbox 984 1653 1037 1683; x_wconf 87' lang='lat' dir='ltr'>sed</span> <span class='ocrx_word' id='word_1_148' title='bbox 1063 1652 1147 1683; x_wconf 84' lang='lat' dir='ltr'>forte</span> <span class='ocrx_word' id='word_1_149' title='bbox 1175 1651 1262 1694; x_wconf 88' lang='lat' dir='ltr'>lapsu</span> <span class='ocrx_word' id='word_1_150' title='bbox 1287 1653 1395 1686; x_wconf 74' lang='lat' dir='ltr'>verius</span> 
     </span>
     <span class='ocr_line' id='line_1_19' title="bbox 84 1703 1395 1753; baseline -0.006 -12"><span class='ocrx_word' id='word_1_151' title='bbox 84 1723 180 1753; x_wconf 87' lang='lat' dir='ltr'>quam</span> <span class='ocrx_word' id='word_1_152' title='bbox 201 1711 330 1753; x_wconf 76' lang='lat' dir='ltr'>judicio.</span> <span class='ocrx_word' id='word_1_153' title='bbox 377 1710 500 1740; x_wconf 78' lang='lat' dir='ltr'>Contra</span> <span class='ocrx_word' id='word_1_154' title='bbox 515 1708 642 1739; x_wconf 82' lang='lat' dir='ltr'>Servius</span> <span class='ocrx_word' id='word_1_155' title='bbox 658 1706 798 1747; x_wconf 83' lang='lat' dir='ltr'><strong>Asprum</strong></span> <span class='ocrx_word' id='word_1_156' title='bbox 814 1705 955 1747; x_wconf 83' lang='lat' dir='ltr'>primum</span> <span class='ocrx_word' id='word_1_157' title='bbox 971 1703 1124 1735; x_wconf 76' lang='lat' dir='ltr'>monuiffe</span> <span class='ocrx_word' id='word_1_158' title='bbox 1139 1711 1260 1743; x_wconf 81' lang='lat' dir='ltr'>narrat,</span> <span class='ocrx_word' id='word_1_159' title='bbox 1281 1712 1319 1737; x_wconf 84' lang='lat' dir='ltr'>ut</span> <span class='ocrx_word' id='word_1_160' title='bbox 1343 1704 1395 1738; x_wconf 80' lang='lat' dir='ltr'>in-</span> 
     </span>
     <span class='ocr_line' id='line_1_20' title="bbox 81 1755 1394 1805; baseline -0.004 -11"><span class='ocrx_word' id='word_1_161' title='bbox 81 1770 294 1805; x_wconf 52' lang='lat' dir='ltr'>terpunffixatur</span> <span class='ocrx_word' id='word_1_162' title='bbox 320 1760 389 1803; x_wconf 82' lang='lat' dir='ltr'>post</span> <span class='ocrx_word' id='word_1_163' title='bbox 405 1761 502 1800; x_wconf 78' lang='lat' dir='ltr'>Cedat.</span> <span class='ocrx_word' id='word_1_164' title='bbox 594 1758 665 1798; x_wconf 82' lang='lat'><strong>360.</strong></span> <span class='ocrx_word' id='word_1_165' title='bbox 690 1759 755 1801; x_wconf 76' lang='lat' dir='ltr'>Qi</span> <span class='ocrx_word' id='word_1_166' title='bbox 781 1757 880 1793; x_wconf 87' lang='lat' dir='ltr'>Goth.</span> <span class='ocrx_word' id='word_1_167' title='bbox 971 1755 1046 1795; x_wconf 82' lang='lat'>361.</span> <span class='ocrx_word' id='word_1_168' title='bbox 1067 1767 1086 1786; x_wconf 87' lang='lat' dir='ltr'>a</span> <span class='ocrx_word' id='word_1_169' title='bbox 1101 1757 1187 1786; x_wconf 81' lang='lat' dir='ltr'>Latio</span> <span class='ocrx_word' id='word_1_170' title='bbox 1203 1757 1315 1787; x_wconf 84' lang='lat' dir='ltr'>Franc.</span> <span class='ocrx_word' id='word_1_171' title='bbox 1332 1767 1394 1799; x_wconf 83' lang='lat' dir='ltr'>pro</span> 
     </span>
     <span class='ocr_line' id='line_1_21' title="bbox 81 1806 1395 1852; baseline -0.009 -4"><span class='ocrx_word' id='word_1_172' title='bbox 81 1817 144 1848; x_wconf 79' lang='lat' dir='ltr'>ah!</span> <span class='ocrx_word' id='word_1_173' title='bbox 189 1814 315 1846; x_wconf 79' lang='lat' dir='ltr'>laborum</span> <span class='ocrx_word' id='word_1_174' title='bbox 341 1812 464 1842; x_wconf 88' lang='lat' dir='ltr'>Moret.</span> <span class='ocrx_word' id='word_1_175' title='bbox 481 1821 534 1852; x_wconf 87' lang='lat' dir='ltr'>qu.</span> <span class='ocrx_word' id='word_1_176' title='bbox 552 1820 584 1842; x_wconf 84' lang='lat' dir='ltr'>v,</span> <span class='ocrx_word' id='word_1_177' title='bbox 611 1809 678 1851; x_wconf 80' lang='lat' dir='ltr'>sup.</span> <span class='ocrx_word' id='word_1_178' title='bbox 700 1809 773 1846; x_wconf 87' lang='lat' dir='ltr'>Vll,</span> <span class='ocrx_word' id='word_1_179' title='bbox 787 1806 1029 1846; x_wconf 84' lang='lat'><strong>481.—362.</strong></span> <span class='ocrx_word' id='word_1_180' title='bbox 1046 1813 1144 1847; x_wconf 79' lang='lat' dir='ltr'>pacem</span> <span class='ocrx_word' id='word_1_181' title='bbox 1166 1807 1235 1837; x_wconf 69' lang='lat' dir='ltr'>bello</span> <span class='ocrx_word' id='word_1_182' title='bbox 1255 1815 1283 1838; x_wconf 84' lang='lat' dir='ltr'>te</span> <span class='ocrx_word' id='word_1_183' title='bbox 1308 1809 1395 1840; x_wconf 72' lang='lat' dir='ltr'>Dor-</span> 
     </span>
     <span class='ocr_line' id='line_1_22' title="bbox 81 1857 1395 1907; baseline -0.007 -11"><span class='ocrx_word' id='word_1_184' title='bbox 81 1865 150 1897; x_wconf 85' lang='lat' dir='ltr'>vill.</span> <span class='ocrx_word' id='word_1_185' title='bbox 192 1873 291 1907; x_wconf 74' lang='lat' dir='ltr'>pacem</span> <span class='ocrx_word' id='word_1_186' title='bbox 306 1862 468 1906; x_wconf 72' lang='lat' dir='ltr'>deposcimus</span> <span class='ocrx_word' id='word_1_187' title='bbox 494 1860 544 1891; x_wconf 89' lang='lat' dir='ltr'>ed.</span> <span class='ocrx_word' id='word_1_188' title='bbox 568 1861 650 1891; x_wconf 90' lang='lat' dir='ltr'>Ven.</span> <span class='ocrx_word' id='word_1_189' title='bbox 679 1859 789 1889; x_wconf 84' lang='lat' dir='ltr'>Burm.</span> <span class='ocrx_word' id='word_1_190' title='bbox 878 1857 950 1896; x_wconf 83' lang='lat'>364.</span> <span class='ocrx_word' id='word_1_191' title='bbox 974 1859 1090 1888; x_wconf 78' lang='lat' dir='ltr'><em>Primus</em></span> <span class='ocrx_word' id='word_1_192' title='bbox 1111 1869 1166 1899; x_wconf 79' lang='lat' dir='ltr'>age</span> <span class='ocrx_word' id='word_1_193' title='bbox 1181 1858 1262 1888; x_wconf 87' lang='lat' dir='ltr'>Ven.</span> <span class='ocrx_word' id='word_1_194' title='bbox 1299 1859 1395 1902; x_wconf 66' lang='lat' dir='ltr'><em>fingis</em></span> 
     </span>
     <span class='ocr_line' id='line_1_23' title="bbox 82 1908 1393 1960; baseline -0.004 -13"><span class='ocrx_word' id='word_1_195' title='bbox 82 1917 163 1960; x_wconf 73' lang='lat' dir='ltr'>cbff</span> <span class='ocrx_word' id='word_1_196' title='bbox 179 1915 259 1946; x_wconf 82' lang='lat' dir='ltr'>alter</span> <span class='ocrx_word' id='word_1_197' title='bbox 274 1916 403 1954; x_wconf 79' lang='lat' dir='ltr'>Menag.</span> <span class='ocrx_word' id='word_1_198' title='bbox 448 1914 525 1956; x_wconf 74' lang='lat' dir='ltr'>inff</span> <span class='ocrx_word' id='word_1_199' title='bbox 538 1912 622 1942; x_wconf 85' lang='lat' dir='ltr'>Ven.</span> <span class='ocrx_word' id='word_1_200' title='bbox 713 1909 753 1948; x_wconf 84' lang='lat'>36</span> <span class='ocrx_word' id='word_1_201' title='bbox 755 1919 786 1948; x_wconf 82' lang='lat'>5.</span> <span class='ocrx_word' id='word_1_202' title='bbox 808 1918 834 1940; x_wconf 82' lang='lat' dir='ltr'>et</span> <span class='ocrx_word' id='word_1_203' title='bbox 841 1908 964 1952; x_wconf 82' lang='lat' dir='ltr'>supplex</span> <span class='ocrx_word' id='word_1_204' title='bbox 981 1909 1091 1938; x_wconf 84' lang='lat' dir='ltr'>Franc.</span> <span class='ocrx_word' id='word_1_205' title='bbox 1132 1909 1247 1938; x_wconf 80' lang='lat' dir='ltr'>veniam</span> <span class='ocrx_word' id='word_1_206' title='bbox 1262 1909 1393 1942; x_wconf 80' lang='lat' dir='ltr'>Zulich.</span> 
     </span>
     <span class='ocr_line' id='line_1_24' title="bbox 83 1958 1396 2007; baseline -0.007 -10"><span class='ocrx_word' id='word_1_207' title='bbox 83 1979 103 1999; x_wconf 87' lang='lat' dir='ltr'>a</span> <span class='ocrx_word' id='word_1_208' title='bbox 117 1978 161 1997; x_wconf 91' lang='lat' dir='ltr'>m.</span> <span class='ocrx_word' id='word_1_209' title='bbox 187 1976 237 2007; x_wconf 89' lang='lat' dir='ltr'>pr.</span> <span class='ocrx_word' id='word_1_210' title='bbox 328 1963 400 2004; x_wconf 83' lang='lat'><strong>366.</strong></span> <span class='ocrx_word' id='word_1_211' title='bbox 413 1964 570 2006; x_wconf 85' lang='lat' dir='ltr'>funeref.</span> <span class='ocrx_word' id='word_1_212' title='bbox 591 1964 673 2003; x_wconf 85' lang='lat' dir='ltr'>Reg.</span> <span class='ocrx_word' id='word_1_213' title='bbox 696 1967 728 1992; x_wconf 89' lang='lat' dir='ltr'>et</span> <span class='ocrx_word' id='word_1_214' title='bbox 745 1960 906 1998; x_wconf 68' lang='lat' dir='ltr'>Parrhas„</span> <span class='ocrx_word' id='word_1_215' title='bbox 921 1959 976 2001; x_wconf 86' lang='lat' dir='ltr'>qui</span> <span class='ocrx_word' id='word_1_216' title='bbox 992 1966 1040 1990; x_wconf 84' lang='lat' dir='ltr'>et:</span> <span class='ocrx_word' id='word_1_217' title='bbox 1055 1958 1143 2002; x_wconf 85' lang='lat' dir='ltr'><em>fusus</em></span> <span class='ocrx_word' id='word_1_218' title='bbox 1158 1958 1224 1996; x_wconf 60' lang='grc' dir='ltr'><em>αἰγὶς</em></span> <span class='ocrx_word' id='word_1_219' title='bbox 1246 1961 1396 2002; x_wconf 68' lang='lat' dir='ltr'>atfunere</span> 
     </span>
     <span class='ocr_line' id='line_1_25' title="bbox 71 2009 1394 2063; baseline -0.008 -14"><span class='ocrx_word' id='word_1_220' title='bbox 71 2020 142 2063; x_wconf 66' lang='lat' dir='ltr'>fuso</span> <span class='ocrx_word' id='word_1_221' title='bbox 160 2017 246 2049; x_wconf 88' lang='lat' dir='ltr'>Gud.</span> <span class='ocrx_word' id='word_1_222' title='bbox 263 2028 281 2047; x_wconf 82' lang='lat' dir='ltr'>a</span> <span class='ocrx_word' id='word_1_223' title='bbox 297 2028 338 2048; x_wconf 89' lang='lat' dir='ltr'>m.</span> <span class='ocrx_word' id='word_1_224' title='bbox 364 2027 410 2058; x_wconf 88' lang='lat' dir='ltr'>pr.</span> <span class='ocrx_word' id='word_1_225' title='bbox 427 2015 568 2047; x_wconf 89' lang='lat' dir='ltr'>Mentel.</span> <span class='ocrx_word' id='word_1_226' title='bbox 586 2022 661 2045; x_wconf 86' lang='lat' dir='ltr'>tert.</span> <span class='ocrx_word' id='word_1_227' title='bbox 693 2014 808 2056; x_wconf 81' lang='lat' dir='ltr'>funera</span> <span class='ocrx_word' id='word_1_228' title='bbox 821 2013 900 2055; x_wconf 56' lang='lat' dir='ltr'>fidis</span> <span class='ocrx_word' id='word_1_229' title='bbox 919 2011 1035 2043; x_wconf 62' lang='lat' dir='ltr'>Medic.</span> <span class='ocrx_word' id='word_1_230' title='bbox 1129 2009 1204 2049; x_wconf 82' lang='lat'><em>367.</em></span> <span class='ocrx_word' id='word_1_231' title='bbox 1228 2011 1394 2054; x_wconf 58' lang='lat' dir='ltr'>despoliavi.</span> 
     </span>
     <span class='ocr_line' id='line_1_26' title="bbox 82 2061 1392 2110; baseline -0.006 -7"><span class='ocrx_word' id='word_1_232' title='bbox 82 2084 141 2103; x_wconf 80' lang='lat' dir='ltr'>mus</span> <span class='ocrx_word' id='word_1_233' title='bbox 165 2068 250 2100; x_wconf 81' lang='lat' dir='ltr'>Gud.</span> <span class='ocrx_word' id='word_1_234' title='bbox 268 2079 284 2098; x_wconf 82' lang='lat' dir='ltr'>a</span> <span class='ocrx_word' id='word_1_235' title='bbox 302 2079 345 2100; x_wconf 91' lang='lat' dir='ltr'>m.</span> <span class='ocrx_word' id='word_1_236' title='bbox 369 2077 437 2109; x_wconf 86' lang='lat' dir='ltr'>pr.;</span> <span class='ocrx_word' id='word_1_237' title='bbox 462 2074 493 2097; x_wconf 83' lang='lat' dir='ltr'>at</span> <span class='ocrx_word' id='word_1_238' title='bbox 509 2066 627 2110; x_wconf 66' lang='lat' dir='ltr'>dasolare</span> <span class='ocrx_word' id='word_1_239' title='bbox 639 2074 703 2095; x_wconf 89' lang='lat' dir='ltr'>non</span> <span class='ocrx_word' id='word_1_240' title='bbox 720 2063 986 2105; x_wconf 74' lang='lat' dir='ltr'>improbandum:</span> <span class='ocrx_word' id='word_1_241' title='bbox 1009 2061 1050 2092; x_wconf 86' lang='lat' dir='ltr'>cf.</span> <span class='ocrx_word' id='word_1_242' title='bbox 1065 2063 1210 2093; x_wconf 86' lang='lat' dir='ltr'>Gronov.</span> <span class='ocrx_word' id='word_1_243' title='bbox 1228 2061 1314 2093; x_wconf 76' lang='lat' dir='ltr'>obss‘.</span> <span class='ocrx_word' id='word_1_244' title='bbox 1331 2065 1392 2103; x_wconf 78' lang='lat' dir='ltr'>IV,</span> 
     </span>
     <span class='ocr_line' id='line_1_27' title="bbox 83 2113 1390 2160; baseline -0.003 -9"><span class='ocrx_word' id='word_1_245' title='bbox 83 2119 302 2159; x_wconf 79' lang='lat'><em>21.---3(›8.</em></span> <span class='ocrx_word' id='word_1_246' title='bbox 325 2120 415 2160; x_wconf 84' lang='lat' dir='ltr'>Atst</span> <span class='ocrx_word' id='word_1_247' title='bbox 441 2119 542 2157; x_wconf 79' lang='lat' dir='ltr'>Goth.</span> <span class='ocrx_word' id='word_1_248' title='bbox 568 2117 627 2148; x_wconf 79' lang='lat' dir='ltr'>sec.</span> <span class='ocrx_word' id='word_1_249' title='bbox 715 2115 788 2158; x_wconf 80' lang='lat'>369.</span> <span class='ocrx_word' id='word_1_250' title='bbox 813 2116 910 2157; x_wconf 74' lang='lat' dir='ltr'>autfi</span> <span class='ocrx_word' id='word_1_251' title='bbox 936 2113 1060 2145; x_wconf 80' lang='lat' dir='ltr'>Medic.</span> <span class='ocrx_word' id='word_1_252' title='bbox 1105 2115 1182 2156; x_wconf 84' lang='lat' dir='ltr'>atst</span> <span class='ocrx_word' id='word_1_253' title='bbox 1202 2124 1251 2156; x_wconf 78' lang='lat' dir='ltr'>pr.</span> <span class='ocrx_word' id='word_1_254' title='bbox 1269 2115 1390 2151; x_wconf 36' lang='lat' dir='ltr'>Hambi</span> 
     </span>
    </p>
   </div>
   <div class='ocr_carea' id='block_1_6' title="bbox 82 2173 316 2221">
    <p class='ocr_par' dir='ltr' id='par_1_6' title="bbox 82 2173 316 2221">
     <span class='ocr_line' id='line_1_28' title="bbox 82 2173 316 2221; baseline -0.013 -14"><span class='ocrx_word' id='word_1_255' title='bbox 82 2178 118 2221; x_wconf 78' lang='lat' dir='ltr'>cst</span> <span class='ocrx_word' id='word_1_256' title='bbox 134 2173 217 2207; x_wconf 79' lang='lat' dir='ltr'>abest</span> <span class='ocrx_word' id='word_1_257' title='bbox 234 2176 316 2205; x_wconf 84' lang='lat' dir='ltr'>Ven.</span> 
     </span>
    </p>
   </div>
   <div class='ocr_carea' id='block_1_7' title="bbox 883 1773 969 1780">
    <p class='ocr_par' dir='ltr' id='par_1_7' title="bbox 883 1773 969 1780">
     <span class='ocr_line' id='line_1_29' title="bbox 883 1773 969 1780; baseline 0 1533"><span class='ocrx_word' id='word_1_258' title='bbox 883 1773 969 1780; x_wconf 95' lang='lat' dir='ltr'> </span> 
     </span>
    </p>
   </div>
   <div class='ocr_carea' id='block_1_8' title="bbox 507 1776 591 1782">
    <p class='ocr_par' dir='ltr' id='par_1_8' title="bbox 507 1776 591 1782">
     <span class='ocr_line' id='line_1_30' title="bbox 507 1776 591 1782; baseline 0 0"><span class='ocrx_word' id='word_1_259' title='bbox 507 1776 591 1782; x_wconf 95' lang='lat' dir='ltr'> </span> 
     </span>
    </p>
   </div>
   <div class='ocr_carea' id='block_1_9' title="bbox 791 1876 875 1882">
    <p class='ocr_par' dir='ltr' id='par_1_9' title="bbox 791 1876 875 1882">
     <span class='ocr_line' id='line_1_31' title="bbox 791 1876 875 1882; baseline 0 0"><span class='ocrx_word' id='word_1_260' title='bbox 791 1876 875 1882; x_wconf 95' lang='lat' dir='ltr'> </span> 
     </span>
    </p>
   </div>
   <div class='ocr_carea' id='block_1_10' title="bbox 626 1926 709 1933">
    <p class='ocr_par' dir='ltr' id='par_1_10' title="bbox 626 1926 709 1933">
     <span class='ocr_line' id='line_1_32' title="bbox 626 1926 709 1933; baseline 0 1380"><span class='ocrx_word' id='word_1_261' title='bbox 626 1926 709 1933; x_wconf 95' lang='lat' dir='ltr'> </span> 
     </span>
    </p>
   </div>
   <div class='ocr_carea' id='block_1_11' title="bbox 242 1982 324 1988">
    <p class='ocr_par' dir='ltr' id='par_1_11' title="bbox 242 1982 324 1988">
     <span class='ocr_line' id='line_1_33' title="bbox 242 1982 324 1988; baseline 0 0"><span class='ocrx_word' id='word_1_262' title='bbox 242 1982 324 1988; x_wconf 95' lang='lat' dir='ltr'> </span> 
     </span>
    </p>
   </div>
   <div class='ocr_carea' id='block_1_12' title="bbox 1041 2027 1126 2034">
    <p class='ocr_par' dir='ltr' id='par_1_12' title="bbox 1041 2027 1126 2034">
     <span class='ocr_line' id='line_1_34' title="bbox 1041 2027 1126 2034; baseline 0 1279"><span class='ocrx_word' id='word_1_263' title='bbox 1041 2027 1126 2034; x_wconf 95' lang='lat' dir='ltr'> </span> 
     </span>
    </p>
   </div>
   <div class='ocr_carea' id='block_1_13' title="bbox 629 2133 712 2140">
    <p class='ocr_par' dir='ltr' id='par_1_13' title="bbox 629 2133 712 2140">
     <span class='ocr_line' id='line_1_35' title="bbox 629 2133 712 2140; baseline 0 0"><span class='ocrx_word' id='word_1_264' title='bbox 629 2133 712 2140; x_wconf 95' lang='lat' dir='ltr'> </span> 
     </span>
    </p>
   </div>
   <div class='ocr_carea' id='block_1_14' title="bbox 82 2297 1392 2902">
    <p class='ocr_par' dir='ltr' id='par_1_14' title="bbox 82 2297 1392 2902">
     <span class='ocr_line' id='line_1_36' title="bbox 85 2297 1392 2352; baseline -0.005 -10"><span class='ocrx_word' id='word_1_265' title='bbox 85 2313 182 2342; x_wconf 87' lang='lat' dir='ltr'>metu</span> <span class='ocrx_word' id='word_1_266' title='bbox 197 2303 338 2341; x_wconf 80' lang='lat' dir='ltr'>teneris.</span> <span class='ocrx_word' id='word_1_267' title='bbox 395 2313 481 2352; x_wconf 75' lang='lat'>359.</span> <span class='ocrx_word' id='word_1_268' title='bbox 499 2300 700 2338; x_wconf 85' lang='lat' dir='ltr'>invidiose:</span> <span class='ocrx_word' id='word_1_269' title='bbox 768 2297 975 2342; x_wconf 83' lang='lat' dir='ltr'>inimicum,</span> <span class='ocrx_word' id='word_1_270' title='bbox 1007 2298 1133 2337; x_wconf 71' lang='lat' dir='ltr'>affive.</span> <span class='ocrx_word' id='word_1_271' title='bbox 1201 2298 1289 2346; x_wconf 79' lang='lat'><strong>366.</strong></span> <span class='ocrx_word' id='word_1_272' title='bbox 1312 2298 1392 2348; x_wconf 79' lang='lat' dir='ltr'>pul-</span> 
     </span>
     <span class='ocr_line' id='line_1_37' title="bbox 84 2348 1390 2407; baseline -0.005 -14"><span class='ocrx_word' id='word_1_273' title='bbox 84 2362 159 2407; x_wconf 63' lang='lat' dir='ltr'>&gt;regi</span> <span class='ocrx_word' id='word_1_274' title='bbox 183 2355 316 2393; x_wconf 84' lang='lat' dir='ltr'>Latino</span> <span class='ocrx_word' id='word_1_275' title='bbox 338 2359 541 2404; x_wconf 80' lang='lat' dir='ltr'>patriaeque,</span> <span class='ocrx_word' id='word_1_276' title='bbox 571 2352 703 2403; x_wconf 62' lang='lat' dir='ltr'>popuio</span> <span class='ocrx_word' id='word_1_277' title='bbox 755 2354 818 2399; x_wconf 80' lang='lat' dir='ltr'>sus</span> <span class='ocrx_word' id='word_1_278' title='bbox 831 2350 911 2395; x_wconf 81' lang='lat' dir='ltr'><em>ubi3</em></span> <span class='ocrx_word' id='word_1_279' title='bbox 941 2348 1134 2387; x_wconf 87' lang='lat' dir='ltr'>referebam</span> <span class='ocrx_word' id='word_1_280' title='bbox 1151 2350 1197 2386; x_wconf 85' lang='lat' dir='ltr'>ad</span> <span class='ocrx_word' id='word_1_281' title='bbox 1208 2349 1390 2400; x_wconf 85' lang='lat' dir='ltr'>superiora</span> 
     </span>
     <span class='ocr_line' id='line_1_38' title="bbox 83 2401 1386 2455; baseline -0.004 -12"><span class='ocrx_word' id='word_1_282' title='bbox 83 2406 311 2448; x_wconf 88' lang='lat' dir='ltr'>Latinorum,</span> <span class='ocrx_word' id='word_1_283' title='bbox 329 2411 473 2443; x_wconf 78' lang='lat' dir='ltr'>remittat</span> <span class='ocrx_word' id='word_1_284' title='bbox 491 2408 553 2455; x_wconf 85' lang='lat' dir='ltr'>jus</span> <span class='ocrx_word' id='word_1_285' title='bbox 573 2409 702 2453; x_wconf 81' lang='lat' dir='ltr'>propri-</span> <span class='ocrx_word' id='word_1_286' title='bbox 767 2403 813 2438; x_wconf 92' lang='lat' dir='ltr'>de</span> <span class='ocrx_word' id='word_1_287' title='bbox 849 2401 1000 2438; x_wconf 87' lang='lat' dir='ltr'>Lavinia</span> <span class='ocrx_word' id='word_1_288' title='bbox 1030 2411 1066 2438; x_wconf 87' lang='lat' dir='ltr'>et</span> <span class='ocrx_word' id='word_1_289' title='bbox 1093 2401 1262 2450; x_wconf 87' lang='lat' dir='ltr'>putabam</span> <span class='ocrx_word' id='word_1_290' title='bbox 1296 2402 1386 2438; x_wconf 79' lang='lat' dir='ltr'>effe:</span> 
     </span>
     <span class='ocr_line' id='line_1_39' title="bbox 82 2452 1391 2506; baseline -0.005 -9"><span class='ocrx_word' id='word_1_291' title='bbox 82 2476 153 2502; x_wconf 76' lang='lat' dir='ltr'>um,</span> <span class='ocrx_word' id='word_1_292' title='bbox 171 2458 289 2502; x_wconf 88' lang='lat' dir='ltr'>suum,</span> <span class='ocrx_word' id='word_1_293' title='bbox 319 2457 415 2506; x_wconf 82' lang='lat' dir='ltr'>quod</span> <span class='ocrx_word' id='word_1_294' title='bbox 434 2456 584 2492; x_wconf 84' lang='lat' dir='ltr'>Latinus</span> <span class='ocrx_word' id='word_1_295' title='bbox 602 2455 703 2492; x_wconf 86' lang='lat' dir='ltr'>Lati-</span> <span class='ocrx_word' id='word_1_296' title='bbox 769 2462 889 2503; x_wconf 85' lang='lat' dir='ltr'>patere</span> <span class='ocrx_word' id='word_1_297' title='bbox 905 2463 940 2489; x_wconf 82' lang='lat' dir='ltr'>te</span> <span class='ocrx_word' id='word_1_298' title='bbox 958 2452 1129 2503; x_wconf 87' lang='lat' dir='ltr'>repulsam</span> <span class='ocrx_word' id='word_1_299' title='bbox 1149 2452 1254 2490; x_wconf 88' lang='lat' dir='ltr'>ferre.</span> <span class='ocrx_word' id='word_1_300' title='bbox 1302 2452 1391 2490; x_wconf 81' lang='lat' dir='ltr'>Hae-</span> 
     </span>
     <span class='ocr_line' id='line_1_40' title="bbox 84 2503 1389 2560; baseline -0.005 -13"><span class='ocrx_word' id='word_1_301' title='bbox 84 2510 195 2560; x_wconf 86' lang='lat' dir='ltr'>nique</span> <span class='ocrx_word' id='word_1_302' title='bbox 228 2509 267 2546; x_wconf 86' lang='lat' dir='ltr'>in</span> <span class='ocrx_word' id='word_1_303' title='bbox 303 2507 438 2558; x_wconf 86' lang='lat' dir='ltr'>regiam</span> <span class='ocrx_word' id='word_1_304' title='bbox 458 2507 612 2556; x_wconf 85' lang='lat' dir='ltr'>puellam</span> <span class='ocrx_word' id='word_1_305' title='bbox 642 2506 705 2542; x_wconf 84' lang='lat' dir='ltr'>ha·</span> <span class='ocrx_word' id='word_1_306' title='bbox 770 2504 904 2549; x_wconf 84' lang='lat' dir='ltr'>rebam,</span> <span class='ocrx_word' id='word_1_307' title='bbox 935 2518 996 2547; x_wconf 78' lang='lat' dir='ltr'>an,</span> <span class='ocrx_word' id='word_1_308' title='bbox 1033 2503 1132 2554; x_wconf 90' lang='lat' dir='ltr'>quod</span> <span class='ocrx_word' id='word_1_309' title='bbox 1151 2504 1289 2540; x_wconf 85' lang='lat' dir='ltr'>faciunt</span> <span class='ocrx_word' id='word_1_310' title='bbox 1307 2503 1389 2547; x_wconf 79' lang='lat' dir='ltr'>alii,</span> 
     </span>
     <span class='ocr_line' id='line_1_41' title="bbox 84 2554 1392 2610; baseline -0.005 -12"><span class='ocrx_word' id='word_1_311' title='bbox 84 2562 186 2605; x_wconf 70' lang='lat' dir='ltr'>bent,</span> <span class='ocrx_word' id='word_1_312' title='bbox 220 2570 259 2597; x_wconf 92' lang='lat' dir='ltr'>ut</span> <span class='ocrx_word' id='word_1_313' title='bbox 280 2561 406 2610; x_wconf 85' lang='lat' dir='ltr'>possint</span> <span class='ocrx_word' id='word_1_314' title='bbox 424 2572 500 2594; x_wconf 84' lang='lat' dir='ltr'>eam</span> <span class='ocrx_word' id='word_1_315' title='bbox 522 2557 705 2594; x_wconf 85' lang='lat' dir='ltr'>matrimo-</span> <span class='ocrx_word' id='word_1_316' title='bbox 769 2568 1012 2606; x_wconf 76' lang='lat' dir='ltr'>compararem</span> <span class='ocrx_word' id='word_1_317' title='bbox 1038 2554 1107 2591; x_wconf 85' lang='lat' dir='ltr'>inf.</span> <span class='ocrx_word' id='word_1_318' title='bbox 1127 2568 1161 2593; x_wconf 79' lang='lat' dir='ltr'>v,</span> <span class='ocrx_word' id='word_1_319' title='bbox 1183 2568 1254 2605; x_wconf 78' lang='lat'>392</span> <span class='ocrx_word' id='word_1_320' title='bbox 1276 2554 1392 2603; x_wconf 78' lang='lat' dir='ltr'><em>Pulsus</em></span> 
     </span>
     <span class='ocr_line' id='line_1_42' title="bbox 85 2605 1391 2662; baseline -0.005 -13"><span class='ocrx_word' id='word_1_321' title='bbox 85 2613 149 2650; x_wconf 83' lang='lat' dir='ltr'>nio</span> <span class='ocrx_word' id='word_1_322' title='bbox 165 2613 314 2662; x_wconf 79' lang='lat' dir='ltr'>jungere</span> <span class='ocrx_word' id='word_1_323' title='bbox 333 2609 393 2647; x_wconf 84' lang='lat' dir='ltr'>cui</span> <span class='ocrx_word' id='word_1_324' title='bbox 409 2610 536 2647; x_wconf 87' lang='lat' dir='ltr'>velint.</span> <span class='ocrx_word' id='word_1_325' title='bbox 557 2623 594 2646; x_wconf 88' lang='lat' dir='ltr'>v.</span> <span class='ocrx_word' id='word_1_326' title='bbox 613 2608 703 2646; x_wconf 86' lang='lat' dir='ltr'>Var.</span> <span class='ocrx_word' id='word_1_327' title='bbox 769 2623 825 2659; x_wconf 80' lang='lat' dir='ltr'>ego</span> <span class='ocrx_word' id='word_1_328' title='bbox 839 2612 860 2645; x_wconf 78' lang='lat'><em>?</em></span> <span class='ocrx_word' id='word_1_329' title='bbox 888 2618 926 2644; x_wconf 87' lang='lat' dir='ltr'>ut</span> <span class='ocrx_word' id='word_1_330' title='bbox 959 2607 1048 2643; x_wconf 83' lang='lat' dir='ltr'>adeo</span> <span class='ocrx_word' id='word_1_331' title='bbox 1080 2605 1146 2643; x_wconf 89' lang='lat' dir='ltr'>fit:</span> <span class='ocrx_word' id='word_1_332' title='bbox 1177 2619 1297 2656; x_wconf 86' lang='lat' dir='ltr'>pugna</span> <span class='ocrx_word' id='word_1_333' title='bbox 1313 2606 1391 2644; x_wconf 77' lang='lat' dir='ltr'>vic-</span> 
     </span>
     <span class='ocr_line' id='line_1_43' title="bbox 84 2658 1389 2712; baseline -0.005 -11"><span class='ocrx_word' id='word_1_334' title='bbox 84 2664 186 2702; x_wconf 61' lang='lat' dir='ltr'>Leo.</span> <span class='ocrx_word' id='word_1_335' title='bbox 243 2664 328 2712; x_wconf 83' lang='lat'><strong>363.</strong></span> <span class='ocrx_word' id='word_1_336' title='bbox 352 2669 444 2712; x_wconf 83' lang='lat' dir='ltr'>pacis</span> <span class='ocrx_word' id='word_1_337' title='bbox 463 2666 603 2712; x_wconf 82' lang='lat' dir='ltr'>pignus,</span> <span class='ocrx_word' id='word_1_338' title='bbox 637 2659 704 2696; x_wconf 84' lang='lat' dir='ltr'>La·</span> <span class='ocrx_word' id='word_1_339' title='bbox 771 2669 848 2695; x_wconf 89' lang='lat' dir='ltr'>tum</span> <span class='ocrx_word' id='word_1_340' title='bbox 866 2668 901 2695; x_wconf 89' lang='lat' dir='ltr'>te</span> <span class='ocrx_word' id='word_1_341' title='bbox 918 2658 1031 2695; x_wconf 83' lang='lat' dir='ltr'>fatere</span> <span class='ocrx_word' id='word_1_342' title='bbox 1048 2670 1088 2694; x_wconf 86' lang='lat' dir='ltr'>ac</span> <span class='ocrx_word' id='word_1_343' title='bbox 1109 2658 1206 2695; x_wconf 89' lang='lat' dir='ltr'>cede.</span> <span class='ocrx_word' id='word_1_344' title='bbox 1262 2658 1389 2708; x_wconf 79' lang='lat' dir='ltr'>Atque</span> 
     </span>
     <span class='ocr_line' id='line_1_44' title="bbox 83 2708 1390 2764; baseline -0.005 -12"><span class='ocrx_word' id='word_1_345' title='bbox 83 2715 193 2753; x_wconf 87' lang='lat' dir='ltr'>viniae</span> <span class='ocrx_word' id='word_1_346' title='bbox 223 2714 433 2764; x_wconf 84' lang='lat' dir='ltr'>conjugium</span> <span class='ocrx_word' id='word_1_347' title='bbox 469 2726 552 2750; x_wconf 88' lang='lat' dir='ltr'>cum</span> <span class='ocrx_word' id='word_1_348' title='bbox 581 2712 706 2749; x_wconf 86' lang='lat' dir='ltr'>AEnea.</span> <span class='ocrx_word' id='word_1_349' title='bbox 771 2710 811 2747; x_wconf 87' lang='lat' dir='ltr'>in</span> <span class='ocrx_word' id='word_1_350' title='bbox 838 2711 906 2747; x_wconf 87' lang='lat' dir='ltr'>hoc</span> <span class='ocrx_word' id='word_1_351' title='bbox 933 2709 1127 2746; x_wconf 77' lang='lat' dir='ltr'>concedam</span> <span class='ocrx_word' id='word_1_352' title='bbox 1154 2719 1189 2746; x_wconf 90' lang='lat' dir='ltr'>et</span> <span class='ocrx_word' id='word_1_353' title='bbox 1221 2708 1294 2759; x_wconf 88' lang='lat' dir='ltr'>ipse</span> <span class='ocrx_word' id='word_1_354' title='bbox 1310 2710 1390 2747; x_wconf 87' lang='lat' dir='ltr'>viro</span> 
     </span>
     <span class='ocr_line' id='line_1_45' title="bbox 88 2760 1392 2819; baseline -0.007 -14"><span class='ocrx_word' id='word_1_355' title='bbox 88 2768 178 2819; x_wconf 70' lang='lat'><strong>364.</strong></span> <span class='ocrx_word' id='word_1_356' title='bbox 196 2769 363 2816; x_wconf 64' lang='lat' dir='ltr'><em>invfizm:</em></span> <span class='ocrx_word' id='word_1_357' title='bbox 391 2764 487 2803; x_wconf 84' lang='lat' dir='ltr'>haud</span> <span class='ocrx_word' id='word_1_358' title='bbox 501 2764 612 2803; x_wconf 84' lang='lat' dir='ltr'>dubie</span> <span class='ocrx_word' id='word_1_359' title='bbox 626 2775 706 2814; x_wconf 81' lang='lat' dir='ltr'>pro,</span> <span class='ocrx_word' id='word_1_360' title='bbox 772 2762 881 2801; x_wconf 56' lang='lat' dir='ltr'>doeio</span> <span class='ocrx_word' id='word_1_361' title='bbox 915 2760 1089 2800; x_wconf 83' lang='lat' dir='ltr'>monenti.</span> <span class='ocrx_word' id='word_1_362' title='bbox 1161 2760 1246 2812; x_wconf 87' lang='lat'><strong>369.</strong></span> <span class='ocrx_word' id='word_1_363' title='bbox 1273 2760 1392 2797; x_wconf 73' lang='lat' dir='ltr'>dotalis</span> 
     </span>
     <span class='ocr_line' id='line_1_46' title="bbox 89 2818 1390 2864; baseline -0.006 -7"><span class='ocrx_word' id='word_1_364' title='bbox 89 2826 91 2830; x_wconf 84' lang='grc'>’</span> <span class='ocrx_word' id='word_1_365' title='bbox 1269 2818 1390 2864; x_wconf 80' lang='lat' dir='ltr'>regia:</span> 
     </span>
     <span class='ocr_line' id='line_1_47' title="bbox 261 2880 280 2902; baseline 0 -13"><span class='ocrx_word' id='word_1_366' title='bbox 261 2880 280 2902; x_wconf 49' lang='lat' dir='ltr'><strong><em>r</em></strong></span> 
     </span>
    </p>
   </div>
  </div>
 </body>
</html>
