1847 3313
391 295 487 344 304
585 274 638 324 P.
691 270 1067 322 VIRGILII
1122 266 1509 320 MARONIt!

390 411 621 474 Euryalus
646 406 895 456 confestim
917 406 1092 452 alacres
1115 404 1362 452 admittier
1384 414 1517 450 orant
1539 421 1550 450 :
1608 407 1698 464 231

392 500 515 548 Rem
548 515 790 562 magnam,
824 497 1128 560 pretiumque
1153 511 1302 542 morae
1327 495 1441 542 fore.
1512 490 1703 542 Primus

583 591 714 637 Iulus

392 682 603 745 Adcepit
627 679 854 742 trepidos,
878 695 931 725 ac
957 677 1129 724 Nisum
1152 676 1310 724 dicere
1329 675 1476 741 juslit.

393 774 525 820 Tum
550 770 612 817 fic
634 767 919 831 Hyrtacides
940 785 950 812 ε
987 766 1168 828 Audite
1190 782 1219 812 o
1244 765 1484 812 mentibus
1507 764 1674 828 aequis,

392 862 651 914 AEneadae;
687 875 804 905 neve
827 859 931 904 haec
956 856 1122 902 nostris
1147 855 1412 917 spectentur
1434 855 1494 900 ab
1524 855 1673 912 annis,

392 956 518 1020 Qae
543 952 755 1000 ferimus·

391 1043 716 1094 Procubuere3
751 1040 913 1086 locum
938 1036 1117 1084 infidiis
1139 1036 1470 1098 conspeximus
1494 1036 1599 1098 ipfi,

824 949 991 995 Rutuli
1016 947 1182 993 somno
1205 947 1406 1008 vinoque
1427 945 1566 992 soluti
1611 944 1704 1007 236

393 1137 494 1201 Qi
516 1145 648 1199 patet
670 1133 718 1178 in
750 1131 881 1176 bivio
903 1142 1073 1192 portae,
1106 1123 1215 1190 quae
1235 1127 1456 1189 proxima
1478 1139 1628 1191 ponto
1642 1150 1657 1182 ς

391 1226 654 1290 Interrupti
678 1224 827 1286 ignes,
849 1234 1040 1283 aterque
1059 1219 1118 1265 ad
1142 1219 1289 1265 fidera
1311 1217 1469 1265 fumus

392 1319 635 1383 Erigitur3
673 1315 706 1361 fi
732 1314 938 1360 Fortuna
961 1308 1240 1373 permittitis
1264 1307 1364 1355 uti:
1611 1324 1708 1372 240

438 1478 516 1510 233.
540 1469 581 1501 A.
599 1475 704 1510 partus
719 1473 744 1496 et
760 1465 863 1507 miffiam
888 1462 988 1493 Goth.
1006 1468 1093 1493 tert<
1169 1470 1242 1500 234.
1268 1462 1349 1493 ‘Tunc
1364 1469 1437 1493 ante
1455 1461 1536 1493 Pier.
1629 1459 1704 1501 236.

386 1523 472 1568 filati
501 1519 640 1561 reposuit
667 1515 776 1547 Heius.
813 1525 886 1545 cum
914 1513 1037 1544 Medic.
1059 1519 1092 1543 et
1119 1512 1200 1550 aliis,
1231 1513 1329 1543 etiam
1362 1512 1584 1543 Pierianorum
1615 1521 1707 1555 parte

396 1575 504 1619 (solutis
521 1570 658 1612 Rom.):
683 1575 718 1599 ut
729 1566 870 1597 varietur
883 1565 997 1596 oratio.
1046 1563 1113 1594 Alii
1125 1574 1197 1594 cum
1215 1563 1447 1607 Serviosepulti,
1465 1564 1549 1605 quod
1558 1564 1707 1595 relietum

395 1623 500 1655 voluit
515 1621 619 1652 versui
638 1619 712 1661 189.
759 1616 860 1648 Goth.
880 1623 954 1646 tert.
973 1617 1124 1658 gravati:
1148 1614 1280 1645 obvium
1297 1616 1407 1656 utique
1424 1623 1454 1646 et
1471 1614 1557 1652 aliam,
1571 1615 1625 1645 sed
1641 1625 1707 1646 non

396 1676 428 1707 h.
447 1675 470 1706 l.
490 1670 737 1704 obtrudendum.
824 1675 900 1706 237.
927 1668 1084 1698 Conticuere
1099 1676 1212 1696 omnes
1231 1666 1383 1704 Pieriani,
1398 1666 1544 1697 Mediceo
1565 1674 1710 1708 excepto,

395 1727 495 1758 etiam
513 1722 653 1755 Parrhas.
680 1720 778 1752 Goth,
800 1726 872 1749 tert.
898 1717 966 1748 Erf.
993 1728 1066 1748 curn
1095 1719 1225 1748 Donato
1249 1725 1281 1748 et
1305 1717 1376 1748 edd.
1404 1717 1548 1758 aliquot:
1575 1718 1706 1750 Zulich.

395 1781 555 1811 Convenere
571 1774 622 1804 vel
638 1775 796 1805 Conticuere
809 1783 819 1801 .-
843 1776 879 1800 ut
901 1769 999 1799 mirer
1016 1767 1182 1799 Heinfium
1204 1779 1267 1799 non
1284 1776 1315 1799 et
1332 1768 1366 1800 h.
1396 1767 1418 1800 l.
1438 1768 1555 1798 variari
1580 1769 1709 1800 versum

399 1839 462 1870 190
489 1825 632 1857 voluisse.
674 1823 861 1867 prospeximus
891 1823 972 1851 ven.
1064 1819 1137 1859 238.
1168 1821 1256 1863 Qod
1289 1829 1321 1862 p.
1347 1819 1437 1851 Leid.
1470 1831 1537 1861 quae
1568 1829 1710 1861 proxuma

392 1889 475 1924 ponto
492 1878 527 1920 cst
543 1876 664 1917 aliquot
692 1875 774 1905 Pier„
805 1879 838 1903 et
865 1871 966 1904 Goth.
993 1870 1214 1912 sem—239.
1239 1883 1273 1902 ac
1299 1871 1387 1902 tendit
1411 1871 1452 1902 ad
1480 1872 1590 1902 aethera
1604 1872 1712 1914 fumus

397 1930 499 1963 Goth.
517 1935 591 1960 tert.

1089 2053 1191 2091 tiare.
1219 2054 1306 2111 'De
1344 2053 1410 2090 fitu
1445 2053 1636 2091 castrorum
1672 2065 1710 2092 v.

1088 2120 1135 2193 1²1?
1143 2108 1169 2194 i.
1190 2105 1712 2206 ggdiljffdgffigssgegffi‘g

1090 2208 1286 2245 referendae
1305 2208 1398 2245 sunt.
1455 2208 1564 2245 Porta
1581 2207 1711 2258 igitur,

1088 2273 1169 2310 quae
1202 2260 1247 2296 ad
1283 2272 1380 2297 mare
1410 2258 1578 2301 ducebat,
1623 2259 1711 2295 duas

1087 2311 1164 2347 vias
1182 2311 1402 2354 ostendebat,
1432 2321 1584 2360 quarum
1600 2310 1711 2347 altera

399 2061 434 2098 C
435 2063 590 2111 (ssrorum
608 2068 639 2094 el
657 2062 767 2106 campi
780 2054 899 2100 meclt'03
927 2067 1025 2092 cam-

398 2124 465 2163 pus
483 2124 579 2148 nunc
597 2108 812 2159 explicative
829 2108 874 2143 de
890 2106 1024 2150 castris,

401 2177 482 2214 quae
511 2162 550 2198 in
578 2160 698 2210 campi
729 2158 879 2209 planitie
905 2167 1021 2194 erant.

402 2227 491 2264 232.
521 2215 603 2250 Rem
622 2227 779 2263 magnam
796 2210 830 2247 se
848 2210 971 2246 afferre
989 2219 1024 2246 et

395 2273 538 2319 pretium
571 2280 669 2302 marce
684 2267 780 2313 som,
807 2261 884 2298 scil„
915 2273 1023 2310 quam

401 2320 466 2356 suo
485 2317 637 2354 adventu
673 2314 821 2351 afferant
847 2311 1025 2355 consiliis;

401 2371 462 2408 seu
488 2368 605 2418 simpl.
637 2381 726 2403 mora
754 2379 819 2414 pro
852 2373 1026 2413 tempore,

404 2421 505 2472 quod
523 2417 652 2455 nuntio
681 2416 860 2453 audiendo
889 2415 1027 2464 impen-

402 2472 477 2510 suri
496 2471 585 2515 s1nt3
620 2467 698 2505 Alii
729 2468 773 2503 fic
802 2475 1027 2516 acceperant,

403 2533 445 2562 ut
466 2528 610 2573 pretium
629 2521 669 2557 fit
686 2531 750 2570 pro
769 2532 888 2569 poena,
920 2531 1027 2559 noxa,

405 2586 513 2626 quarn
533 2572 659 2610 luituri
676 2572 758 2614 sint,
778 2571 802 2606 fi
816 2583 888 2606 non
907 2582 1026 2605 exem-

403 2629 466 2678 plo
485 2627 519 2663 se
535 2624 741 2661 admittant.
769 2636 803 2658 v.
832 2621 930 2657 Serv.
959 2631 1028 2657 tre-

398 2681 492 2728 pidos
510 2690 576 2727 pro
595 2675 745 2717 festinis,
766 2682 805 2710 ut
831 2682 927 2716 ante,
951 2670 1029 2709 ala-

405 2746 472 2767 cres
516 2741 581 2779 pro
625 2724 830 2769 concitatis,
881 2723 967 2774 poni
1009 2736 1030 2759 a

405 2785 531 2830 poeta,
589 2777 760 2815 memoria
809 2776 1027 2812 tenendum:

407 2832 513 2875 item,
537 2842 623 2870 mox
645 2843 663 2869 2
669 2829 717 2881 36
731 2833 831 2880 firre
847 2827 912 2866 esse
939 2840 1030 2866 nun-

1089 2363 1309 2400 Laurentum
1333 2372 1369 2400 et
1385 2375 1448 2413 per
1465 2362 1575 2399 castra
1592 2362 1711 2398 Rutu..

1089 2415 1208 2450 lorum
1227 2413 1396 2458 ducebat,
1413 2413 1477 2463 qui
1496 2413 1541 2449 ab
1560 2413 1614 2449 his
1631 2425 1713 2462 par-

1091 2464 1188 2502 tibus
1218 2474 1385 2503 venerant
1403 2465 1448 2501 ad
1467 2465 1711 2515 oppugnanda

1092 2518 1218 2560 castra;
1234 2516 1340 2553 altera
1349 2517 1525 2553 adlaevam
1534 2526 1566 2553 et
1578 2525 1710 2566 atergo

1093 2569 1284 2606 castrorum
1300 2566 1338 2604 in
1355 2566 1543 2604 interiores
1560 2577 1685 2605 terras.

1146 2632 1219 2670 240
1237 2619 1311 2669 sqq.
1342 2618 1380 2655 Si
1399 2619 1541 2656 fortuna
1563 2619 1713 2668 permit-

1093 2671 1169 2709 titis
1189 2671 1242 2708 uti
1261 2684 1338 2715 nos,
1356 2679 1395 2707 ut
1413 2670 1450 2707 in
1468 2670 1534 2707 hac
1554 2670 1709 2708 hostium

1091 2722 1234 2760 incuria
1288 2732 1324 2759 et
1367 2721 1548 2765 socordia,
1600 2722 1713 2758 castra

1091 2775 1186 2812 clam
1228 2786 1452 2824 erumpamus
1467 2786 1476 2810 :
1522 2789 1596 2811 mox
1642 2788 1714 2810 cer-

1091 2833 1173 2867 netis
1206 2826 1352 2866 AEneam
1377 2826 1569 2878 uquaefitum,
1591 2825 1638 2882 ‘h‘
1678 2836 1714 2860 e.

1589 2885 1717 2915 Inven-
