1847 3313
382 239 801 296 AENEIDOS,
864 238 1014 286 LIB.
1062 238 1154 288 XI.
1323 252 1413 303 517

167 368 352 416 Aurora
375 369 549 418 interea
575 372 750 419 miseris
775 370 1052 419 mortalibus
1077 370 1257 416 almam

100 457 347 505 Extulerat
368 459 542 518 lucem,
564 461 768 508 referens
792 478 933 524 opera
956 473 1096 524 atque
1118 460 1320 506 labores.

99 548 207 609 Jarn
234 564 372 612 pater
394 553 580 610 AEneaS‚
607 553 710 616 jam
735 570 880 601 curvo
905 553 951 599 in
977 553 1114 598 litore
1139 551 1330 598 Tarcho

101 637 396 685 Constituere
418 657 570 702 pyras.
621 640 734 686 Huc
758 657 956 703 corpora
979 642 1176 704 quisque
1196 640 1388 687 suorum

99 727 240 774 More
266 730 413 776 tulere
438 744 656 794 patrum:
695 731 1005 794 subjeeiisque
1032 731 1219 794 ignibus
1243 730 1354 776 atris

99 813 334 863 Conditur
366 819 412 864 in
439 820 651 866 tenebras
674 819 824 865 altum
849 819 1051 882 caligine
1075 819 1273 864 coelum.

98 906 194 953 Ter
216 908 400 955 circum
424 910 662 966 adeensos,
688 909 832 956 cinski
858 908 1145 971 fulgentibus
1170 908 1329 962 armis,

95 993 356 1042 Decurrere
380 1012 516 1058 rogos
535 1020 546 1050 ;
583 1010 653 1043 ter
676 998 897 1043 maestum
923 996 1096 1043 funeris
1119 996 1283 1059 ignem

95 1084 370 1133 Lustravere
393 1085 441 1130 in
466 1086 623 1147 equis;
659 1086 950 1149 ululatusque
976 1102 1055 1133 ore
1079 1086 1264 1134 dedere.
1316 1101 1405 1151 190

92 1173 342 1237 Spargitur
366 1187 411 1222 et
437 1177 573 1222 tellus
599 1176 823 1232 lacrimis,
853 1175 1135 1239 sparguntur
1157 1188 1202 1222 et
1226 1192 1373 1225 arma.

91 1265 136 1311 It
157 1265 284 1311 coelo
309 1266 586 1328 clamorque
610 1267 768 1313 virum
794 1267 1081 1330 clangorque
1104 1268 1343 1316 tubarum.

88 1355 222 1405 Hinc
244 1356 336 1402 alia
360 1354 508 1418 spolia
531 1355 693 1402 oecifis
715 1355 908 1418 derepta
934 1356 1116 1404 Latinis

133 1471 207 1504 182.
231 1473 307 1504 alma
325 1473 410 1516 GUd?
433 1485 452 1505 a
468 1484 510 1504 m.
534 1484 582 1516 pr⁴
607 1482 637 1505 et
655 1475 788 1506 Oudai-t.
835 1477 921 1509 armis
940 1476 1041 1509 Goth.
1071 1484 1143 1509 tert.
1239 1479 1310 1520 183.
1333 1481 1402 1513 Ex-

87 1523 201 1557 tulerat.
250 1524 347 1565 Apud
375 1525 522 1555 Servium
550 1525 650 1556 Asinii
671 1526 825 1557 Pollionis
852 1538 983 1558 acumen
1010 1528 1103 1569 super
1129 1529 1188 1560 hac
1214 1541 1292 1562 voce
1317 1531 1348 1563 h.
1374 1532 1400 1566 l.

86 1574 262 1617 profertur,
277 1575 374 1616 quod,
390 1586 462 1606 cum
481 1583 531 1607 tot
551 1577 619 1607 aliis
635 1588 671 1608 ex
685 1578 792 1619 priscis
812 1578 874 1608 illis
890 1580 1138 1611 Commentariis
1154 1581 1293 1619 servatis,
1309 1582 1399 1622 facit,

86 1633 123 1657 ut
149 1625 338 1666 desiderium
363 1637 475 1658 eorum
491 1627 582 1658 facile
599 1628 676 1659 ferri
703 1628 804 1670 poffit.
852 1630 935 1672 Qis
960 1631 1045 1660 enim
1062 1633 1204 1662 extulerat
1229 1641 1400 1674 propterea

87 1677 255 1707 commode
273 1676 410 1718 positum
426 1686 518 1719 putet
535 1679 573 1709 de
589 1691 704 1719 aurora,
720 1680 872 1721 quoniam
889 1681 926 1711 de
945 1680 1112 1720 sepulturis
1127 1682 1188 1712 hoc
1205 1683 1255 1713 die
1271 1693 1399 1726 agetur,

85 1727 119 1759 in
136 1726 250 1768 quibus
261 1727 388 1768 proprie
405 1729 503 1771 efferre
519 1729 635 1762 dicitur
660 1731 698 1761 de
712 1730 883 1761 funeribus.
975 1731 1046 1769 184.
1065 1734 1093 1762 in
1108 1733 1192 1764 deest
1203 1733 1257 1765 sec.
1273 1736 1395 1769 Hamb.

172 1777 244 1808 186.
267 1791 321 1822 que
345 1789 363 1808 a
382 1789 430 1820 pr.
459 1791 501 1811 m.
529 1779 636 1812 aberat
661 1792 709 1828 pr.
740 1781 1022 1821 Hamb.-—-187.
1048 1785 1206 1815 intenebris
1232 1785 1361 1818 Zulich.
1379 1799 1398 1820 a

83 1829 143 1861 sec.
163 1839 206 1861 m.
225 1830 332 1871 Bigot.
351 1837 383 1870 „th
401 1831 501 1865 Goth.
521 1839 595 1862 tert.
643 1833 844 1870 Burmannus
861 1833 1017 1864 malebat:
1040 1846 1121 1866 atras
1147 1836 1282 1867 conditur
1302 1840 1331 1868 in
1354 1848 1398 1869 te-

83 1880 204 1918 nebram
227 1880 280 1912 sed
296 1881 360 1911 vid.
380 1881 459 1920 Not.
507 1883 609 1918 interea
628 1883 728 1914 Goth.
751 1894 798 1925 pr.
845 1885 879 1914 In
895 1884 953 1914 sec.
971 1884 1023 1914 hic
1048 1893 1079 1916 et
1094 1886 1226 1926 sequens
1250 1888 1294 1918 vs.
1313 1891 1397 1921 exci-

83 1932 180 1963 derat.
275 1932 350 1966 188.
374 1935 466 1966 cun-Hi
481 1935 578 1964 Rom.
609 1942 641 1965 et
658 1935 801 1966 Pari-has.
897 1936 967 1977 189.
992 1937 1158 1978 Discurrere
1174 1938 1248 1968 Exc.
1269 1941 1395 1983 Burm.‚

80 1993 259 2027 perperam.
350 1992 424 2025 190.
459 1997 513 2030 que
537 1986 620 2017 deest
648 1987 731 2018 binis
754 1989 865 2019 Burm.
913 2000 962 2019 ora
988 1987 1085 2018 iidem
1113 1995 1143 2019 et
1169 1997 1306 2030 quatuor
1328 1992 1396 2025 alii.

170 2042 241 2074 192.
265 2034 367 2067 clamor
391 2036 512 2078 caeloque
539 2037 639 2071 Goth.
670 2045 741 2070 tert.
833 2047 905 2080 193.
928 2040 985 2070 Hic
1009 2040 1061 2070 alii
1086 2040 1210 2073 Medic.
1240 2049 1272 2072 et
1299 2045 1395 2076 multi

82 2084 136 2116 alii
154 2096 226 2116 cum
243 2078 326 2116 binis
343 2085 443 2127 Goth.
460 2087 493 2118 et
509 2089 606 2118 Rom.
653 2090 768 2136 derepta
785 2090 913 2132 egregie
934 2089 1042 2134 istius.
1062 2101 1078 2122 e
1094 2092 1213 2125 Medic.
1227 2100 1259 2124 et
1275 2093 1316 2128 al.
1334 2106 1395 2138 pro

81 2135 170 2178 vulg.
188 2136 327 2179 difepta.‘
718 2141 722 2146 '
807 2142 809 2144 ’

767 2220 842 2270 Od‚
879 2240 918 2266 ω,
957 2234 1019 2272 57,
1075 2221 1182 2260 Alios
1216 2223 1396 2264 Austores

766 2272 904 2309 dabunt
920 2270 1045 2310 Guell.
1059 2282 1094 2310 et
1106 2274 1240 2314 Cerda.
1269 2275 1393 2315 Etiam

767 2323 923 2375 singulos
948 2324 1064 2362 versus
1090 2337 1297 2376 comparant
1331 2329 1392 2365 In-

768 2385 861 2425 tpp.,
902 2375 965 2425 qui
1000 2386 1118 2414 tamen
1152 2377 1391 2417 illustratione

75 2215 233 2252 eundam
251 2216 315 2254 effe
328 2227 535 2268 auguratur.
552 2233 588 2258 v.
608 2219 699 2271 Var3

79 2266 180 2305 Lest.

136 2331 148 2354 1
159 2322 220 2358 82.
239 2324 305 2370 mffi
314 2327 372 2365 ris,
391 2321 521 2359 δειλοῖσι
536 2325 700 2372 βξοτοῖσι,

78 2369 164 2407 alias
181 2373 401 2422 generaliore
412 2373 588 2423 epitheto,
606 2387 701 2412 nunc

79 2434 244 2473 propno,
277 2425 494 2468 aerumnofis,
522 2425 571 2462 se.
595 2439 701 2477 prop-

77 2483 131 2509 ter
161 2473 246 2519 hoc,
282 2478 378 2525 quod
400 2476 580 2526 sequitur:
612 2483 699 2528 resb-

76 2539 150 2561 rens
194 2525 238 2562 iis
281 2539 379 2576 opera
417 2538 516 2578 atque
558 2530 699 2568 labores.

82 2577 165 2625 184.
206 2576 248 2614 In
286 2579 380 2628 seqq.
416 2578 504 2616 ritus
534 2579 702 2618 funebres

76 2627 144 2663 aevi
174 2627 311 2666 heroici
342 2630 518 2681 expressit,
550 2645 637 2682 quos
655 2645 699 2669 ex

77 2676 242 2717 Homero
283 2680 445 2724 illustret,
489 2682 552 2732 qui
586 2685 696 2728 volet,

76 2726 186 2768 Iliad.
205 2749 240 2773 η,
260 2745 477 2784 420—432.
506 2735 555 2780 ψ,
589 2748 698 2786 pr.—

79 2792 142 2834 27.
190 2795 404 2838 110—257.
448 2804 487 2838 εν,
529 2799 600 2839 777
640 2786 696 2840 sq·

767 2425 832 2462 hac
877 2440 949 2463 non
1004 2426 1169 2478 indigere
1206 2430 1390 2468 videntur.

771 2478 855 2523 186.
883 2478 1013 2530 ignibus
1044 2485 1129 2516 atris
1160 2491 1304 2530 propter
1333 2482 1390 2518 fu-

767 2542 880 2574 mum,
905 2534 913 2541 ⁸
934 2542 1007 2567 non
1043 2530 1168 2579 alirer3
1213 2543 1311 2581 paret
1343 2545 1388 2570 ex

765 2581 876 2617 altero
904 2581 1021 2627 versu,
1040 2581 1103 2630 ubi
1134 2582 1306 2634 caliginem
1323 2597 1389 2620 vo-

765 2641 836 2670 cat.
896 2633 978 2670 188.
1010 2632 1060 2668 Vi
1092 2635 1244 2684 opponti
1271 2636 1388 2672 decur-

766 2698 836 2720 rere
853 2683 898 2720 ad
914 2684 1051 2733 pedites
1065 2683 1218 2733 speetare
1232 2685 1387 2726 videtur.

769 2747 853 2782 191.
884 2734 938 2772 Ex
959 2734 1068 2771 Iliad.
1100 2735 1150 2781 ψ,
1184 2750 1242 2787 15.
1301 2751 1388 2787 192.

761 2786 901 2839 clangor
941 2786 1112 2839 tubarum..
1182 2787 1307 2838 Tubas
1324 2802 1388 2879 sex

1341 2853 1388 2879 uo

1503 248 1520 262 t
