1847 3313
653 229 930 304 [599]

534 675 936 718 EXCURSUS
991 680 1022 718 I.

303 826 376 872 De
400 827 617 874 Diomedis
630 829 809 889 ftdibus
831 832 875 876 in
900 831 944 876 A
939 833 1072 894 pulice
1094 833 1249 879 liltore.

120 936 205 1022 L
217 994 230 1018 1
245 995 285 1019 B.
315 980 388 1023 XI,
417 993 489 1030 243
513 982 681 1025 Vidimus,
700 997 717 1018 o
737 985 850 1027 cives,
878 983 1072 1022 Diomedem
1091 985 1302 1035 Argivaque
1320 988 1433 1035 afim

119 1050 212 1083 etc„
235 1049 273 1078 et
305 1040 412 1090 supra
439 1040 558 1084 VIII,
595 1054 618 1091 9
646 1043 810 1080 Mittitur
840 1054 872 1080 et
900 1049 1017 1095 magni
1036 1045 1180 1082 Venulus
1196 1040 1436 1083 Diomedi-‘ead

118 1099 247 1145 urbem,
263 1101 337 1150 Qi
348 1111 446 1151 petat
464 1100 644 1139 auxilium.
701 1104 786 1154 Qa
808 1113 888 1141 arte
904 1107 1015 1155 poeta
1033 1105 1187 1156 septimo
1206 1105 1299 1142 libro
1321 1106 1429 1142 Grae-

119 1173 181 1198 cas
197 1161 359 1198 colonias
374 1169 411 1197 et
425 1161 597 1210 populo&
611 1175 767 1212 quorum
782 1163 965 1214 originem
987 1176 1128 1202 veteres
1142 1165 1274 1202 fabulae
1289 1178 1309 1201 a
1324 1166 1431 1202 Grae-

118 1219 170 1258 cis
200 1219 432 1271 repetebant,
452 1220 595 1257 Latinis
622 1232 658 1258 et
673 1221 823 1260 Rutulis
838 1223 875 1259 in
897 1223 983 1262 belli
1004 1224 1216 1262 societatem
1242 1224 1427 1273 adjunxit,

115 1281 247 1319 eadem
265 1295 360 1319 nunc
378 1281 421 1319 ad
448 1281 673 1320 Diomedem
702 1283 741 1321 in
768 1294 935 1322 extrema
966 1287 1082 1324 Itzriiae
1102 1299 1168 1323 ora
1196 1286 1244 1323 de
1276 1286 1424 1323 auxiliis

114 1341 283 1393 petendis
306 1342 449 1391 legatos
469 1341 568 1378 mitti
586 1353 724 1381 narrat.
779 1345 948 1398 Qorum
975 1347 1196 1385 auxiliorum
1217 1346 1422 1385 adventum

111 1415 197 1440 cum
216 1400 393 1452 temporis
413 1401 601 1451 angustiae,
616 1401 747 1452 quibus
764 1405 904 1455 reliqua
920 1406 1007 1444 beni
1022 1418 1154 1444 eventa
1168 1406 1422 1451 includuntur,

111 1474 184 1499 non
202 1461 400 1499 admittant
416 1475 425 1497 :
453 1461 661 1511 legatorum
679 1463 801 1501 reditu
816 1474 853 1502 et
867 1466 1135 1504 renuntiatione
1150 1467 1279 1504 auxilii
1292 1467 1420 1517 negati

110 1521 286 1573 praeclare
306 1520 420 1558 utitur
439 1522 552 1558 Maro
571 1521 616 1558 ad
638 1535 760 1560 rerum
786 1524 928 1563 exitum
947 1527 1225 1564 accelerandum
1255 1536 1291 1564 et
1312 1526 1419 1564 Lati-

111 1598 242 1623 norum
271 1583 418 1631 consilia
445 1583 724 1635 praecipitanda.
779 1587 878 1625 Nam
907 1588 1067 1638 primum
1097 1589 1231 1627 incidit
1271 1593 1328 1640 (v.
1348 1589 1417 1643 lib,

109 1647 181 1695 XI,
204 1659 274 1697 2²5
292 1645 389 1696 sqq2)
413 1644 622 1695 legatorum
642 1645 781 1682 reditus
799 1646 887 1684 inid
908 1659 1066 1698 tempus,
1086 1663 1159 1699 quo
1175 1661 1259 1687 ante
1279 1663 1416 1699 paucos

105 1707 184 1745 dies
221 1719 243 1743 a
280 1705 424 1749 Latinis
459 1717 589 1755 parum
622 1705 794 1756 prospere
827 1717 907 1745 erat
932 1720 1154 1760 pugnatum,
1190 1711 1414 1762 consiliaque

106 1768 326 1818 eorumjam
343 1766 527 1810 inclinatis
548 1765 677 1804 animis
699 1767 744 1805 ad
764 1781 893 1818 pacem
921 1769 1145 1819 spectabant.
1200 1774 1301 1809 Tum
1321 1786 1412 1810 vero

102 1827 219 1879 legati
237 1841 309 1865 non
328 1826 440 1864 modo
460 1834 638 1876 negatum
658 1839 678 1863 a
693 1826 878 1866 Diomede
893 1830 1069 1867 auxilium
1089 1832 1313 1875 renuntiant,
1345 1846 1410 1870 ve—

103 1902 186 1927 rum
214 1890 326 1937 etiarn
345 1886 490 1936 consilia
506 1885 583 1934 ejus
603 1895 639 1922 et
665 1887 837 1925 mandata
857 1902 1062 1939 exponunt,
1092 1891 1223 1941 quibus
1243 1893 1289 1929 ad
1305 1906 1408 1930 com-

100 1949 310 2000 ponendam
337 1960 421 1985 eum
447 1947 567 1984 AEnea
583 1959 714 1996 pacem
743 1949 950 1998 graviffime
971 1951 1152 1989 hortatur.
1209 1953 1324 1991 Erant
1343 1967 1408 1992 au-

101 2021 177 2056 tem
196 2011 242 2048 de
261 2007 455 2049 Diomedis
475 2007 513 2044 in
530 2007 694 2051 Daunia,
726 2024 805 2060 quae
833 2011 979 2062 Apuliae
998 2026 1081 2062 pars
1100 2015 1163 2056 est,
1192 2015 1332 2053 sedibus
1352 2017 1406 2054 fa-

102 2071 196 2118 bulae
216 2070 435 2107 Graecorum
456 2066 719 2116 antiquiffimae.
774 2069 931 2120 Ibycum
952 2074 1135 2110 auctorem
1163 2075 1287 2113 schol.
1318 2075 1405 2114 Pin-

99 2131 181 2168 dari
199 2130 245 2168 ad
264 2131 380 2168 Nem.
402 2128 451 2169 X,
481 2139 522 2164 12
546 2127 699 2171 excitat,
731 2129 790 2166 sed
819 2131 970 2180 cyclicis
998 2134 1190 2183 probabile
1217 2137 1256 2174 fit
1281 2138 1405 2187 poetis

98 2192 178 2232 illas
213 2191 280 2228 effe
318 2187 544 2232 tribuendas,
596 2187 642 2227 iis
678 2188 862 2239 inprimis,
896 2192 958 2243 qui
995 2193 1133 2232 reditus
1171 2197 1404 2237 Achivorum

103 2251 248 2303 (Ndfas)
283 2248 445 2287 carmine
459 2246 700 2296 exposuerant
725 2250 794 2299 (cf.
815 2249 893 2300 sup.
914 2251 960 2288 ad
981 2265 1018 2289 v.
1050 2256 1136 2305 265·
1194 2256 1255 2293 Ad
1274 2270 1403 2296 eorum

97 2311 309 2362 exemplum
337 2309 521 2346 Diome-dea
548 2306 650 2347 libris
685 2308 764 2347 XII
795 2309 928 2360 scripta
950 2322 1027 2348 erat
1046 2324 1066 2347 a
1086 2314 1186 2362 Julio
1212 2316 1401 2353 Antonio:

93 2386 155 2423 ap.
171 2371 292 2409 Schol.
315 2368 451 2406 Horat.
468 2367 538 2414 IV,
561 2380 598 2409 2,
621 2380 683 2418 23,
705 2368 759 2405 uti
775 2369 934 2407 Phaeacis
954 2384 975 2407 a
995 2371 1197 2416 Tuticano,
1218 2387 1254 2412 et
1273 2379 1403 2415 reditus

94 2432 248 2473 Menelai
265 2442 298 2470 et
317 2428 454 2467 Helenae
473 2441 494 2464 a
513 2428 644 2477 Lupo:
675 2427 792 2465 Ovid.
813 2441 859 2466 ex
887 2430 1001 2473 Ponto
1024 2431 1098 2475 IV,
1137 2434 1197 2477 16,
1230 2436 1289 2473 26.
1314 2442 1402 2487 27),

94 2494 230 2532 Redux
256 2490 355 2528 enim
375 2502 396 2526 a
421 2487 541 2536 Troja
563 2489 685 2538 Argos
704 2489 818 2525 faetus
838 2489 1042 2528 Diomedes
1073 2492 1172 2541 (vid.
1203 2494 1332 2546 Odyff.
1361 2516 1402 2545 «γ,

98 2557 172 2592 180
191 2551 263 2602 sq.)
274 2577 286 2593 ,
305 2547 466 2599 cognitis
488 2546 609 2584 uxoris
624 2547 801 2597 AEgialeae
816 2558 853 2591 et
867 2550 1024 2588 adulteri
1041 2551 1222 2597 Cometae‚
1237 2556 1402 2601 Stheneli

94 2614 140 2657 f.‚
165 2609 318 2652 infidiis‚
345 2608 478 2645 iterum
499 2620 609 2644 naves
622 2606 846 2651 conscendit,
862 2618 899 2645 et
913 2611 990 2658 post
1005 2611 1137 2656 multos
1158 2625 1299 2651 errores
1330 2617 1399 2667 (cf.

93 2672 212 2712 ovid.
232 2669 325 2709 XIV
344 2669 445 2706 Met.
468 2671 540 2718 478
563 2667 682 2717 sqq.),
698 2668 830 2718 quibus
849 2670 958 2706 etiam
975 2671 1155 2709 AEtoliam
1170 2673 1290 2711 adiifl'e
1305 2676 1402 2714 fere-

93 2733 202 2775 batur
220 2734 276 2783 (v.
290 2743 325 2769 c.
342 2727 518 2768 Antonin.
533 2728 693 2767 Metam.
707 2741 743 2767 c.
761 2742 825 2781 37,
841 2729 902 2768 ubi
911 2730 961 2769 cf.
976 2730 1084 2774 Not„
1097 2731 1143 2770 ad
1156 2745 1198 2770 ea
1210 2734 1294 2774 add.
1307 2737 1399 2775 Not.

1354 2799 1403 2837 ad
