1847 3313
429 245 847 305 AENEIDOS‚
896 247 1049 296 LIB.
1096 248 1217 297 ΧΠ.
1380 236 1487 312 697'

155 383 436 431 Sermonem
459 382 657 430 Ausonii
681 383 892 446 patrium
915 382 1159 446 moresque
1183 382 1437 437 tenebunt;

157 471 326 533 thue
348 469 425 526 est,
444 485 620 517 nomen
644 472 734 518 erit
753 490 764 518 z
800 472 1037 519 conmixti
1059 487 1259 536 corpore
1281 485 1469 519 tantum

157 557 407 605 Subfident
426 556 616 604 Teucri.
676 558 869 605 Morem
891 559 1099 622 ritusque
1115 560 1353 609 sacrorum
1378 561 1469 623 836

156 647 405 710 Adjiciam
427 646 692 709 faciamque
712 649 867 695 omnis
891 665 987 695 uno
1010 665 1092 696 ore
1115 650 1327 698 Latinos.

159 738 295 786 Hinc
306 753 469 800 genus,
481 736 691 783 Ausonio
702 736 910 783 mixtum
920 736 1046 799 quod
1060 737 1284 801 sanguine
1301 739 1473 805 surget,

159 829 312 890 Supra
334 826 568 882 hominm,
592 824 727 889 supra
751 826 819 872 ire
843 826 955 873 deos
978 827 1156 890 pietate
1179 828 1393 885 videbis;

205 959 224 991 8
228 968 280 998 34.
298 958 316 990 8
321 968 336 998 3
340 968 372 998 5.
397 958 534 1002 moresque
549 958 679 989 tenebunt
692 959 787 1002 Usque
797 971 809 990 .·
831 960 866 1002 qs}
878 973 907 992 n.
927 959 1024 991 Paris.
1065 963 1202 992 commixti
1216 971 1323 1005 corpore
1333 972 1410 996 tanto
1425 974 1476 995 re-

161 1010 268 1052 posuit
281 1009 431 1040 Heinsius
444 1024 451 1043 ;
474 1017 506 1040 et
523 1008 693 1040 illustravit
707 1009 873 1051 exemplis,
883 1010 1082 1051 opportunis,
1097 1012 1300 1053 importunis,
1325 1024 1424 1058 corpus
1435 1016 1475 1047 de

161 1061 308 1092 universa
320 1072 399 1103 rep„
418 1060 549 1102 populo,
567 1060 711 1098 civitate,
724 1060 874 1102 imperio,
894 1062 1034 1092 exercitu
1052 1062 1125 1099 dici,
1151 1063 1190 1094 ad
1206 1064 1373 1106 vulgarem
1388 1077 1477 1098 com-

161 1111 364 1153 parationem
377 1111 519 1153 corporis
537 1118 568 1142 et
586 1111 807 1142 membrorum
825 1112 975 1143 hominis.
1020 1113 1070 1143 Sic
1086 1113 1152 1155 sup.
1177 1116 1237 1153 XI,
1258 1125 1320 1156 313
1344 1125 1398 1148 toto
1418 1130 1478 1149 cer.

162 1171 255 1193 tatum
271 1163 306 1205 est
318 1172 428 1206 corpore
439 1165 530 1205 regni.
577 1163 687 1203 ltaque
703 1162 775 1194 sunt
793 1163 826 1195 h.
841 1164 864 1196 l.
891 1163 1007 1194 Teucri
1018 1164 1183 1195 commixti
1199 1176 1272 1197 cum
1288 1176 1341 1198 toto
1355 1169 1477 1210 populo

162 1212 371 1245 Latinorum.
420 1214 456 1243 In
470 1222 534 1254 quo
549 1211 642 1243 facile
659 1212 753 1243 sentis
779 1222 832 1244 toto
860 1213 997 1245 otiosum
1024 1213 1095 1247 effe.
1144 1215 1276 1248 Peffime
1302 1218 1342 1249 ad
1363 1229 1478 1251 concu-

165 1268 271 1299 bitum
290 1267 385 1298 traxit
402 1267 506 1297 Cerda
524 1277 597 1297 cum
614 1266 684 1297 aliis
708 1267 743 1297 τὸ
768 1277 878 1312 corpore
893 1270 1030 1300 commixti
1055 1277 1087 1299 et
1104 1269 1257 1312 ficbfident.
1303 1272 1479 1306 Enimvero

162 1326 324 1356 veterum,
339 1326 370 1349 et
387 1317 462 1348 hinc
475 1318 635 1356 omnium,
646 1329 724 1359 quas
737 1319 817 1357 vidi,
831 1320 907 1350 edd.
925 1319 1021 1351 Ιεὸὶὶο
1039 1320 1103 1351 est:
1128 1324 1265 1354 commixti
1279 1324 1331 1355 vel
1354 1328 1481 1370 commfii

163 1378 274 1413 corpore
305 1378 426 1400 tantum.
471 1370 616 1400 Eandem
641 1369 750 1401 firmat
767 1371 890 1402 Medic.
914 1382 987 1402 cum
1002 1371 1071 1402 aliis
1083 1372 1177 1403 codd.
1210 1374 1293 1405 Pier.
1316 1383 1348 1407 et
1369 1378 1480 1411 Heius.

164 1419 249 1457 Erf„
277 1419 357 1450 item
374 1421 463 1449 Serv.
490 1420 530 1450 ad
548 1421 558 1448 1
576 1421 653 1451 AEn.
686 1430 760 1461 249,
782 1431 852 1458 nec,
881 1433 936 1452 cur
959 1431 1068 1453 tuntum
1085 1429 1210 1454 mutare
1234 1425 1354 1457 necesse
1370 1428 1470 1461 fuerit

166 1472 272 1502 ¹uldeo.
319 1472 406 1501 Num
422 1470 548 1502 sensus:
575 1473 700 1503 ‘Tantum
723 1473 827 1504 ‘Teucri
851 1473 1007 1516 subsident,
1039 1476 1168 1506 conmixti
1194 1485 1312 1518 corpore,
1333 1489 1405 1510 cum
1421 1490 1480 1522 po-

164 1521 242 1565 pulo
258 1522 451 1552 Latinorum
467 1533 474 1553 :
501 1530 627 1552 tantum
640 1523 816 1553 tranfibunt
832 1524 866 1553 in
879 1534 997 1554 nomen
1014 1534 1126 1554 corum
1145 1536 1154 1562 ,·
1187 1526 1275 1557 nulla
1291 1528 1353 1559 alia
1369 1540 1478 1562 rerum

165 1571 304 1604 mutatio
318 1571 385 1604 fiet.
434 1573 597 1604 Mediceus
610 1573 706 1603 Pierii
723 1581 755 1604 et
772 1575 913 1612 Porcius,
928 1582 998 1605 tum
1016 1575 1160 1606 Parrhas.
1179 1578 1335 1610 Montalb.
1355 1580 1477 1613 Hamb.

164 1634 215 1666 pr.
243 1630 276 1654 et
293 1623 394 1654 Goth.
412 1630 486 1654 tert.
510 1626 650 1655 commixto
674 1633 784 1666 corpore
810 1624 1022 1663 exhibebant3
1044 1624 1097 1656 sed
1124 1629 1262 1658 commeti
1290 1630 1479 1672 elegantius-

168 1678 335 1707 Romanus
346 1682 454 1706 autem
470 1678 608 1706 commixti
615 1677 753 1718 sanguine
769 1686 890 1707 tantum.
936 1679 980 1707 At
997 1686 1074 1708 tanto
1096 1677 1128 1707 in
1155 1678 1244 1709 nullo
1268 1679 1387 1723 legitur
1398 1695 1480 1725 prae-

167 1734 317 1770 terquam
336 1728 369 1757 in
386 1737 451 1757 uno
465 1727 561 1758 Pierii
579 1730 716 1759 commixti
733 1729 874 1771 sanguine
896 1738 995 1767 tant03
1017 1736 1049 1760 et
1074 1732 1214 1761 commixti
1224 1741 1333 1775 corpore
1347 1744 1425 1767 tanto
1446 1736 1480 1767 in

168 1789 219 1820 pr.
238 1779 374 1818 Menag.
391 1784 423 1807 et
440 1783 514 1807 tert.
536 1777 684 1814 Mentel„
706 1785 737 1808 et
763 1780 902 1810 commixto
915 1788 1024 1821 corpore
1035 1788 1112 1809 tanto
1128 1780 1227 1810 Goth.
1241 1788 1314 1814 tert.
1408 1785 1483 1825 836.

167 1830 286 1862 Teucris
310 1826 411 1857 Goth.
428 1834 502 1857 tert.
537 1827 739 1871 sacrorumque
761 1829 867 1870 Bigot.
958 1829 1032 1868 838.
1061 1832 1136 1861 Hinc
1148 1843 1184 1872 g.
1212 1833 1376 1876 Aufimium,
1397 1838 1483 1868 mixto

169 1880 246 1924 quod
273 1877 374 1909 Goth.
407 1887 457 1918 pr.
500 1880 618 1909 mixtam
648 1891 710 1910 cum
734 1881 761 1923 s.
802 1879 1114 1922 Parr2xa12—839.
1138 1883 1227 1914 Ultra
1253 1884 1370 1917 homines
1401 1887 1482 1919 alter

169 1930 291 1966 Hamb.
309 1940 327 1961 a
338 1939 384 1962 m.
399 1939 448 1970 pr.
475 1931 584 1972 pietate
592 1930 708 1972 jubebis
724 1930 817 1962 Leid.

170 2037 253 2081 bus,
273 2047 313 2075 ut
331 2041 440 2088 po'e'ta
457 2051 466 2075 :
498 2038 715 2075 Graecorum
734 2051 796 2075 ex·
861 2040 1016 2083 Italicis,
1036 2041 1181 2079 Penates
1198 2041 1307 2081 Latio
1327 2045 1483 2084 inferen-

173 2089 309 2139 emplo,
345 2089 455 2126 etiam
488 2091 526 2127 in
556 2089 794 2140 appellativis,
860 2102 934 2136 tur,
965 2092 1016 2130 cf.
1037 2093 1113 2143 sup.
1144 2107 1230 2145 192,
1262 2095 1482 2147 faciamque,

172 2150 213 2177 ut
241 2140 419 2190 παςὲευικῆ
451 2141 497 2178 se.
529 2144 604 2191 κόςη
623 2155 688 2190 pro
705 2158 792 2190 παις-
861 2154 901 2180 ut
920 2153 1066 2194 uterque
1083 2147 1234 2195 populus
1258 2146 1381 2185 Latini
1400 2150 1499 2193 sint,-

173 2191 271 2230 Βένος.
344 2194 364 2229 8
371 2206 389 2242 3
396 2208 432 2245 ς.
481 2196 569 2243 836.
622 2192 797 2230 Permixti
861 2195 1023 2245 adeoque
1041 2197 1266 2244 ὁμόγλωσσοι.
1314 2203 1335 2236 8
1341 2214 1402 2250 39.
1417 2205 1483 2250 fic-

172 2258 258 2281 cum
270 2253 372 2282 tanto
382 2245 518 2296 populo
531 2245 683 2294 Trojani
697 2258 796 2281 com·
856 2257 926 2296 pra
953 2253 1001 2283 ire
1023 2250 1093 2285 deos
1114 2255 1238 2298 pietate
1270 2264 1343 2288 non
1360 2253 1406 2289 est
1425 2266 1484 2289 ur-

174 2295 454 2346 prehendentur,
469 2296 690 2342 delitescent‚
709 2296 817 2345 lateffi
862 2298 1019 2347 gendum
1035 2311 1043 2335 :
1058 2299 1234 2350 fignificat
1245 2311 1381 2339 tantum
1395 2316 1484 2353 prae-

176 2348 268 2386 bunt
298 2346 364 2385 sub
395 2347 607 2384 Latinorum
639 2347 796 2384 nornine.
823 2347 831 2358 X
864 2349 1027 2386 stantiam
1057 2350 1229 2388 summam
1262 2353 1300 2390 in
1330 2354 1398 2392 hoc
1421 2368 1484 2405 ge-

175 2400 253 2438 vid.
282 2399 373 2436 Var·
397 2400 498 2437 Lect.
551 2399 723 2448 Sulglidere
752 2399 799 2434 de
865 2413 960 2437 nere.
1017 2400 1233 2439 Tenendum
1254 2404 1351 2442 idem
1370 2405 1408 2442 in
1426 2407 1483 2444 in-

176 2451 238 2495 iis,
270 2465 352 2502 quae
370 2450 410 2487 in
440 2450 702 2488 commixtione
719 2449 799 2487 infi-
866 2451 1024 2488 numeris
1039 2453 1146 2497 locis,
1184 2454 1246 2491 ubi
1264 2469 1485 2508 quaecunque

177 2517 278 2540 mum
311 2503 434 2539 locum
468 2510 662 2552 occupant,
689 2511 728 2538 ut
761 2501 801 2538 in
865 2503 1046 2540 excellunt
1064 2514 1099 2541 et
1118 2506 1278 2554 praestant
1297 2508 1390 2552 aliis,
1410 2522 1484 2547 non

179 2554 364 2591 elementis
391 2563 485 2590 terra
516 2553 676 2591 subfidit.
733 2554 800 2590 Su·
866 2554 976 2591 modo
993 2554 1093 2605 paria
1109 2555 1181 2593 diis
1201 2570 1241 2594 ac
1261 2558 1386 2596 divina
1403 2562 1485 2606 effe,

179 2619 244 2657 pra
262 2605 314 2649 V,
333 2608 407 2656 498
424 2604 470 2642 de
489 2605 581 2643 sorte
603 2617 612 2641 z
639 2604 803 2656 galeaque
866 2618 988 2642 verum
1005 2606 1115 2643 etiam
1144 2608 1307 2658 superare
1324 2611 1409 2648 deos
1428 2612 1486 2650 di-

180 2657 401 2706 'imastcksedit
417 2657 553 2708 Acestes.
594 2656 706 2694 Nunc
723 2668 803 2693 tan·
867 2667 1009 2694 cuntur.
1072 2658 1129 2695 Ita
1153 2660 1342 2698 hominum
1373 2661 1487 2701 sermo

181 2719 251 2746 tum
268 2708 338 2745 hoc
356 2708 430 2752 fiet,
449 2720 488 2746 ut
505 2719 575 2746 etc.
609 2707 694 2756 836.
714 2712 802 2757 837.
868 2707 950 2752 fert,
969 2709 1083 2746 multo
1102 2710 1215 2760 magis
1226 2711 1426 2762 priscorum
1442 2728 1484 2752 ac

182 2761 366 2810 Adjiciam.
422 2760 531 2797 Sacra
544 2768 683 2800 tantum
696 2772 736 2795 ac
749 2771 803 2795 re·
870 2760 1029 2798 rudium.
1050 2760 1148 2798 Nam
1167 2762 1228 2799 etfi
1246 2763 1282 2800 h.
1295 2764 1320 2800 1.
1340 2766 1385 2801 ad
1403 2765 1489 2805 deos

179 2811 337 2869 Jigiones
349 2811 596 2863 Trojanoxum
607 2811 802 2861 adjungam
871 2810 1026 2850 minores
1043 2812 1100 2851 vel
1114 2813 1237 2852 heroes
1250 2814 1421 2860 referunt,
1436 2826 1488 2854 ta-

1407 2880 1489 2911 mea
