1847 3313
330 327 422 386 478
523 320 577 367 Ρ.
636 315 1026 365 VIRGILII
1079 312 1479 363 MARONIS

329 448 560 497 Exerce1·c
583 443 737 489 diem:
776 441 853 488 Sic
871 441 1068 488 obrutus
1092 440 1305 503 undique
1327 438 1432 484 telis

332 539 507 587 AEneas
532 534 709 581 nubem
734 532 866 589 belli,
899 532 1015 579 dum
1040 530 1246 588 detonet,
1280 545 1475 577 omnem
1561 531 1650 592 809

330 634 550 687 Sustinet,
564 642 611 677 et
630 626 839 675 Lausum
863 626 1130 689 increpitat,
1147 624 1395 686 Lausoque
1415 622 1649 668 minatur:

333 726 447 790 Qo
469 720 696 769 moriture
720 719 832 775 ruis,
846 717 1119 781 majoraque
1137 715 1316 762 viribus
1335 711 1510 759 audes?

332 814 473 864 Fallit
496 824 542 859 te
559 811 805 858 incautum
830 809 980 872 pietas
1005 820 1100 855 tua.
1170 807 1275 853 Nec
1301 806 1459 852 minus
1484 803 1566 849 ille

334 904 552 953 Exsultat
574 902 795 955 demens;
833 898 1179 963 saevaejamque
1204 897 1344 943 altius
1366 897 1447 943 irre

334 994 579 1045 Dardanio
603 992 797 1056 surgunt
814 990 1016 1046 duetori,
1049 1002 1352 1049 extremaque
1377 984 1529 1032 Lauso
1567 987 1659 1042 814

337 1088 501 1136 Parcae
529 1086 609 1132 fila
630 1084 821 1147 legunt:
859 1081 1070 1128 validum
1092 1095 1299 1141 namque
1328 1078 1478 1142 exigit
1503 1075 1660 1122 ensem

338 1180 431 1229 Per
448 1177 664 1226 medium
689 1172 861 1219 AEneas
875 1170 1123 1233 juvenem,
1158 1179 1405 1231 totumque
1429 1164 1659 1213 recondit.

385 1339 462 1380 809.
487 1339 579 1369 Vett.
589 1335 658 1368 edd.
672 1345 750 1377 quas
763 1331 903 1364 vidimus
924 1338 1058 1361 omnes:
1083 1328 1181 1360 nubem
1196 1328 1261 1359 belli
1285 1328 1352 1359 dum
1374 1327 1490 1365 detinet,
1510 1338 1596 1358 omnes
1612 1324 1665 1357 vel

340 1390 570 1434 otnneixsustinet.
614 1385 763 1417 Primum
780 1384 813 1414 in
840 1381 915 1413 Ald.
935 1388 1011 1413 tert.
1039 1380 1246 1411 emendatum
1268 1390 1286 1409 a
1303 1378 1469 1420 Naugerio
1485 1391 1514 1410 n.
1535 1377 1570 1410 -ὸ,
1599 1378 1667 1408 dun:

343 1442 461 1479 detonet,
482 1442 564 1472 omnis
575 1439 705 1481 Sustinet,
728 1444 760 1467 et
777 1445 816 1466 ex
835 1444 872 1465 eo
889 1432 981 1470 aliae;
1019 1440 1052 1462 et
1079 1431 1150 1461 aliae
1172 1430 1374 1462 adhaeseruut
1389 1430 1501 1471 priori.
1549 1429 1668 1468 detonet,
1708 1418 1712 1421 ¹

342 1505 415 1524 unus
427 1493 462 1523 in
478 1502 580 1533 marg.
595 1490 644 1521 ed.
665 1497 750 1526 1544
761 1494 925 1517 occurrere
938 1483 1040 1514 video.
1088 1481 1213 1513 Pierius
1227 1489 1393 1522 tamquam
1413 1479 1591 1511 inauditam
1603 1478 1666 1510 lec-

344 1544 470 1575 tionem
485 1554 502 1574 e
513 1542 583 1574 cod.
597 1542 749 1571 Romano
765 1536 902 1579 protulit
917 1536 994 1571 belli,
1015 1535 1082 1565 dum
1099 1534 1216 1570 detenet,
1238 1543 1338 1563 omnem
1355 1533 1443 1574 sust„
1465 1542 1536 1572 qum
1553 1530 1668 1562 deinde

345 1594 381 1626 in
393 1595 465 1626 edd.
482 1594 594 1625 saltem
608 1590 717 1632 Steph.
739 1595 868 1630 recepta
885 1586 949 1618 est:
983 1584 1242 1627 quandoquidem
1257 1584 1356 1614 etiam
1378 1586 1438 1615 Ge.
1455 1582 1614 1613 Fabricius
1629 1581 1669 1612 fic

348 1656 387 1677 ex
397 1645 452 1676 suo
469 1643 738 1676 Pseudo-Donato
750 1646 781 1670 et
793 1637 882 1669 libris
894 1636 1034 1673 vetustis,
1055 1646 1133 1676 quos
1155 1645 1213 1665 nec
1237 1634 1434 1671 denominat,
1458 1634 1592 1665 scribere
1605 1632 1669 1675 jus-

348 1697 398 1729 sit.
440 1697 547 1728 detonet
563 1694 661 1725 etiam
674 1691 800 1722 Servius
821 1689 942 1731 legerat
958 1699 965 1719 :
1002 1697 1136 1728 eamque
1162 1685 1335 1717 leetionem
1353 1685 1501 1716 Heinsius
1516 1684 1669 1721 firmavit,

347 1758 382 1781 et
395 1758 468 1779 ante
484 1757 570 1781 eum,
592 1751 744 1776 monente
762 1743 960 1777 Burmanno,
981 1738 1130 1770 Schottus
1151 1737 1238 1769 Obff.
1259 1738 1299 1775 11,
1316 1745 1346 1768 2.
1392 1737 1452 1768 Sed
1467 1738 1566 1768 Rom.
1585 1735 1668 1769 cod.

346 1799 521 1838 leetionem
536 1795 659 1827 Pierius
670 1804 785 1836 parum
800 1791 979 1833 diligenter
995 1789 1139 1820 exhibuit
1153 1798 1161 1818 :
1187 1799 1262 1818 nam
1274 1788 1392 1829 legitur
1403 1788 1436 1818 in
1449 1799 1498 1825 eo,
1522 1787 1599 1819 utin
1612 1786 1672 1817 Al-

346 1851 423 1883 dina
432 1847 620 1891 expreffum,
642 1859 670 1877 n.
689 1845 715 1875 h.
730 1845 798 1875 dum
813 1843 919 1873 detonet
932 1843 1015 1872 omnis
1030 1841 1065 1871 S.
1113 1840 1235 1870 Iterum
1256 1839 1391 1869 eandem
1402 1838 1482 1870 hanc
1498 1839 1672 1870 ledtionem

349 1913 367 1933 e
386 1901 529 1933 Palatino
540 1898 684 1931 excusam
698 1896 791 1926 video
805 1895 837 1924 in
855 1893 907 1924 ed.
931 1890 1129 1923 Commelin.
1155 1897 1186 1920 et
1211 1889 1285 1919 hinc
1302 1889 1334 1919 in
1358 1890 1523 1927 Pulman.,
1543 1899 1601 1920 nee
1617 1888 1671 1919 ab·

348 1953 433 1985 ludit
447 1951 534 1984 voff.
552 1961 600 1993 pr.
619 1949 686 1980 dum
701 1948 814 1979 detonat
829 1946 921 1976 omnis.
966 1942 1090 1973 Scilicet
1115 1940 1321 1972 distinetione
1337 1948 1460 1971 mutata
1478 1948 1586 1971 tenere
1613 1950 1671 1970 nos

350 2015 462 2035 veram
493 2003 665 2034 lectionem
688 1998 794 2029 nullus
818 1995 948 2027 dubito:
984 1994 1081 2025 nubem
1113 1993 1190 2030 belli,
1211 1993 1278 2023 dum
1304 1992 1410 2023 detonet
1425 1995 1520 2029 omnis,
1541 1992 1674 2033 Sustinet.

353 2055 458 2086 codd.
478 2063 589 2084 omnes
603 2050 676 2081 inde
693 2060 711 2080 a
736 2048 887 2079 Mediceo
904 2045 1051 2076 vitiosam
1070 2044 1142 2075 edd.
1169 2043 1316 2085 priorum
1338 2042 1542 2084 vulgatarum
1562 2041 1673 2073 lectio-

351 2117 429 2139 nem
445 2106 585 2136 retinent
600 2113 608 2133 ε
634 2100 690 2131 nisi
708 2100 793 2141 quod
809 2097 937 2129 Zulich.
957 2107 1016 2138 pro
1036 2107 1100 2126 var.
1127 2095 1201 2126 leet.
1217 2095 1286 2125 dum
1303 2095 1406 2125 detinet
1424 2104 1522 2137 atque,
1547 2100 1578 2124 et
1595 2096 1671 2130 Exc,

354 2160 466 2190 Burm.
485 2158 551 2188 dum
567 2157 662 2186 retinet
679 2148 938 2182 omnis.-—812.
964 2148 1060 2179 Fallet
1076 2147 1162 2178 Gud.
1179 2157 1196 2176 a
1215 2156 1260 2176 m.
1277 2155 1326 2186 pr.
1373 2145 1468 2176 Fallit
1479 2154 1504 2175 et
1520 2147 1547 2175 in
1563 2153 1673 2175 tantum

351 2218 385 2253 p.
403 2219 424 2240 t.
445 2221 490 2239 nec
501 2209 580 2238 unius
593 2205 641 2236 illa
653 2203 779 2234 Exultat
795 2201 902 2242 inepte
919 2200 1031 2230 Franc.
1122 2197 1193 2236 813.
1219 2195 1376 2241 Exficltans
1394 2195 1510 2227 Medic.
1524 2206 1541 2226 a
1557 2205 1600 2226 m.
1615 2195 1676 2227 sec·

357 2262 442 2293 Mox
455 2272 508 2303 que
524 2257 607 2289 abest
625 2257 733 2286 Franc.
826 2252 900 2291 815.
915 2251 1035 2294 jamque
1050 2248 1148 2281 Goth.
1166 2249 1225 2280 sec.

359 2415 459 2453 diem
502 2411 658 2462 fatigare
706 2407 860 2458 remigio
905 2406 983 2457 sup.

362 2465 477 2511 VIII,
497 2477 561 2516 94,
580 2461 645 2500 ubi
664 2460 739 2497 vid.
761 2459 854 2496 Not.
896 2462 984 2508 809.

359 2518 478 2557 nubem
509 2515 601 2558 belli,
628 2522 668 2550 ut
697 2514 849 2557 πολέμοιο
884 2514 986 2558 νέφος,

361 2572 408 2608 de
419 2581 549 2620 pugnae
570 2566 664 2603 mole
682 2574 718 2601 et
737 2564 776 2600 h.
791 2563 816 2600 l.
832 2563 877 2599 de
895 2562 984 2599 telo·

361 2636 444 2660 rum
462 2616 698 2658 multitudine
715 2614 851 2665 accipe.
888 2614 985 2651 Bene

364 2675 469 2717 Serv,
522 2677 551 2693 “
571 2667 787 2706 Bellantium
815 2666 990 2715 impetum

365 2725 526 2765 sustinet,
553 2722 669 2760 donec
685 2717 912 2757 deferbeat.’'
940 2715 991 2754 cf.

368 2777 503 2814 Cerda.

423 2831 499 2866 810
526 2825 604 2876 sqq.
632 2823 689 2861 Ut
715 2820 919 2873 ingenium,
944 2817 993 2855 sie

367 2879 489 2919 oratio
521 2877 644 2916 AEneae
680 2872 820 2913 diversa
850 2871 897 2910 ab
935 2881 993 2915 ea,

1049 2417 1122 2453 qua
1157 2401 1265 2441 fimili
1294 2401 1332 2438 in
1365 2399 1552 2450 congressu
1584 2411 1669 2436 cum

1053 2457 1212 2494 Pallante
1230 2453 1396 2492 utebatur
1411 2453 1558 2488 Turnus
1576 2450 1676 2500 paul-

1051 2509 1089 2546 lo
1116 2508 1179 2545 ille
1213 2505 1386 2547 ferocior,
1412 2503 1489 2554 sup.
1521 2515 1594 2552 442
1622 2501 1674 2550 sq.

1051 2573 1127 2610 490
1143 2559 1196 2610 sq.
1253 2561 1340 2603 814.
1362 2558 1449 2606 815.
1477 2552 1678 2602 Parcaefila

1050 2613 1178 2664 legunt.
1248 2615 1276 2631 “
1298 2607 1505 2658 Proprium,
1558 2603 1679 2654 inquit

1058 2662 1216 2706 Servius,
1242 2660 1375 2704 fuerat,
1401 2667 1554 2707 rumpunt
1571 2671 1584 2693 :
1625 2665 1679 2692 ta·

1057 2727 1139 2752 men
1168 2713 1282 2764 legunt
1316 2721 1376 2748 aut
1400 2709 1591 2759 colligunt,
1618 2714 1682 2744 aut

1058 2774 1246 2816 rumpunt,
1261 2772 1321 2801 aut
1336 2762 1447 2799 etiam
1461 2759 1684 2798 transeunt.''

1061 2817 1181 2855 Prima
1208 2815 1299 2853 bene
1329 2813 1442 2858 dixit,
1468 2821 1596 2850 caetera
1613 2808 1682 2846 mi-

1059 2882 1139 2909 nus,
1192 2866 1396 2918 Leguntur,
1440 2873 1545 2916 puto,
1587 2859 1681 2897 inter

1520 2912 1680 2952 nendum
