1847 3313
360 263 451 314 514
536 248 590 296 P.
642 241 1023 294 VIRGILII
1080 239 1485 290 MARONIS

357 383 627 430 Obrucrent
647 377 812 426 Rutuli
830 375 934 423 telis
953 375 964 421 ἱ
993 374 1204 421 animam
1220 374 1317 437 ipse
1331 373 1572 430 dedissem,

356 470 519 533 Atque
549 468 649 515 haec
675 480 855 528 pompa
871 462 1071 510 domum
1092 478 1185 519 me,
1209 477 1306 508 non
1336 461 1562 518 Pallanta,
1594 474 1673 508 rea-

555 553 726 602 ferret!

359 655 465 700 Nec
490 664 571 695 vos
592 646 846 708 arguerim,
870 645 1064 702 Teucri,
1089 660 1175 692 nec
1202 643 1398 699 foedera,
1421 657 1524 699 nec,
1557 656 1673 705 quas

329 799 336 803 ,Δ
358 740 616 803 Junxirnus
636 736 858 799 hospitio,
885 736 1099 784 dextras:
1138 735 1233 781 sors
1252 734 1337 780 ista
1361 733 1555 780 senodiae
1586 732 1669 794 165

359 831 540 880 Debita
560 839 657 876 erat
680 828 864 876 nostrae.
937 826 1087 890 Qod
1108 825 1141 871 fi
1163 826 1399 890 inmatura
1422 824 1644 872 manebat

361 921 498 969 Mors
522 931 716 965 natum:
753 917 884 964 caefis
907 914 1191 962 Volscorum
1217 914 1433 960 millibus
1457 923 1581 970 ante,

360 1011 636 1058 Ducentem
656 1009 705 1055 in
731 1008 925 1055 Latium
950 1005 1161 1053 Teucros
1186 1003 1405 1052 cecidisse
1429 1002 1638 1067 juvabit.

362 1099 498 1163 Quin
524 1114 613 1161 ego
635 1113 730 1143 non
753 1096 847 1142 alio
863 1095 1032 1158 digner
1053 1104 1098 1138 te
1114 1092 1291 1148 funere,
1316 1092 1460 1149 Palla,

362 1190 527 1255 Qam
560 1188 668 1250 pius
705 1186 893 1239 AEneas,
926 1197 971 1230 et
1003 1199 1148 1243 quam
1180 1183 1344 1245 magni
1380 1182 1602 1247 Phryges,
1634 1196 1684 1233 et

556 1291 702 1339 quam
1591 1290 1607 1321 1
1621 1288 1683 1335 70

365 1367 701 1433 Tyrrhenique
722 1364 882 1422 duces,
920 1362 1226 1426 Tyrrhenum
1251 1363 1484 1409 exercitus
1505 1364 1679 1414 omnis.

411 1501 486 1534 162.
513 1502 670 1533 Obruerent
696 1499 821 1532 Rutuli.-
858 1498 918 1529 telis
945 1507 974 1528 a.
1006 1499 1026 1527 ι’.
1059 1497 1184 1541 dcdffm
1212 1496 1409 1539 distinguunt
1439 1497 1561 1539 aliquot
1591 1497 1686 1530 codd.

366 1553 478 1584 Heius.
523 1553 676 1584 Obruerint
710 1551 784 1580 Exc.
828 1549 940 1579 Burni.
996 1548 1159 1578 obruerunt
1190 1548 1318 1590 Hugen.
1365 1549 1426 1579 telis
1449 1549 1555 1580 Rutuli
1578 1550 1686 1590 Spr'ot'.

364 1605 429 1636 telis
445 1607 486 1637 R.
505 1613 531 1635 et
550 1605 659 1634 Franc.
755 1599 826 1639 163.
851 1599 987 1630 Pallante
1011 1608 1058 1639 pr.
1086 1598 1226 1629 Mentel.
1273 1612 1322 1630 non
1339 1601 1378 1630 P.
1393 1599 1504 1644 dediffit
1528 1600 1621 1632 LeicL
1651 1608 1686 1632 et

368 1666 389 1686 a
412 1667 456 1686 m.
483 1655 543 1688 sec.
576 1652 706 1685 Zulich.
732 1662 805 1682 cum
837 1652 916 1692 Reg.
1010 1649 1081 1687 164.
1108 1651 1176 1681 Non
1206 1662 1258 1680 vos
1277 1653 1334 1691 'pr.
1362 1650 1482 1682 Hamb.
1538 1663 1687 1694 arguerem

368 1708 492 1750 zliquot
509 1706 594 1739 Picr.
613 1712 646 1736 et
668 1715 687 1735 a
703 1714 746 1735 m.
772 1714 821 1745 pr.
837 1703 926 1733 Gud.
972 1713 1092 1743 arguero
1109 1701 1206 1732 Goth.
1226 1701 1447 1740 sec.—-165.
1468 1703 1580 1734 dextrae
1596 1703 1685 1735 Gud.

369 1770 390 1790 a
407 1770 452 1790 m.
484 1769 534 1801 pr.
573 1759 642 1801 fors
662 1754 794 1786 Zulich.
842 1754 892 1784 illa
917 1753 990 1783 edd.
1020 1763 1070 1794 ap.
1099 1751 1347 1784 Pie1·.--166.
1373 1762 1487 1784 matura
1513 1754 1623 1786 Franc.
1652 1762 1686 1786 et

370 1809 472 1841 Goth.
505 1816 579 1839 tert.
672 1805 744 1837 168.
767 1807 794 1836 in
820 1807 905 1836 Latio
933 1805 996 1834 duo
1023 1804 1134 1836 Burm.
1175 1803 1302 1844 juvaret
1327 1805 1437 1842 Rom.,
1461 1812 1532 1835 tum
1559 1806 1687 1839 Medic.

372 1862 461 1892 Gud.
479 1871 497 1891 a
514 1871 557 1891 m.
573 1859 635 1890 sec.
658 1864 690 1888 et
707 1859 788 1888 Ven.
807 1866 880 1886 cum
907 1854 1008 1886 Goth.
1027 1861 1101 1886 tert.
1150 1855 1197 1884 Ita
1213 1854 1316 1884 sensus
1330 1853 1404 1884 ess'et
1421 1854 1495 1887 hict
1519 1854 1687 1898 Qodfi-

369 1914 499 1958 juvaret
525 1911 637 1943 saltem
661 1909 734 1946 hoc,
758 1907 780 1939 si
801 1918 866 1938 non
887 1914 960 1938 ante
985 1905 1143 1937 cecidiffet
1167 1905 1251 1936 filius
1266 1916 1366 1944 meus,
1391 1917 1487 1947 quam
1503 1907 1635 1938 Teucris
1651 1907 1685 1938 in

371 1964 508 1995 Latium
535 1961 650 2000 duciiis,
677 1969 790 1991 eorum
805 1958 900 1989 rebus
915 1968 949 1988 ac
965 1957 1088 1988 sedibus
1104 1956 1248 1988 firmatis.
1295 1958 1390 1987 Nunc
1408 1956 1534 1997 juvabit
1559 1958 1602 1989 est
1625 1969 1686 2000 pro

371 2016 475 2058 juvet,
493 2015 617 2056 juvato,
632 2022 691 2054 pro
708 2009 818 2041 solatio
836 2010 910 2041 esto.
1004 2008 1079 2050 169.
1103 2009 1214 2050 dignam
1230 2018 1256 2039 te
1277 2008 1355 2039 alios
1370 2008 1476 2050 legere
1493 2017 1600 2041 narrat
1617 2011 1690 2041 Ser-

374 2067 457 2103 vius,
483 2075 539 2107 per
561 2062 774 2095 archaismum
789 2071 798 2091 :
822 2061 922 2102 dignor
938 2061 1164 2101 Sprot.-170.
1186 2061 1317 2101 Phryges
1333 2070 1436 2100 graece
1453 2060 1566 2092 extulit
1581 2063 1689 2103 poeta,

376 2118 503 2160 1123157252
527 2115 603 2146 alias
617 2114 731 2145 ultima
748 2112 864 2154 corripi
894 2122 958 2142 non
984 2110 1095 2153 poss'et.
1142 2119 1169 2141 et
1193 2112 1267 2153 quod
1290 2111 1352 2142 sec.
1382 2111 1518 2153 Menag.
1611 2121 1686 2152 171,

374 2169 611 2211 Tyrrhenumque
625 2175 736 2195 omues
750 2170 830 2195 vett.
849 2162 937 2200 edd„
964 2162 1050 2202 quod
1073 2161 1204 2202 quidem
1228 2161 1367 2199 constat;
1391 2162 1602 2202 grammatica
1616 2163 1691 2198 sane

374 2220 502 2253 :ratione
518 2217 550 2248 id
566 2215 757 2258 postulante,
782 2214 835 2245 sed
851 2224 923 2244 cum
939 2213 1046 2244 versus
1061 2212 1142 2243 vitio
1156 2223 1165 2250 3
1187 2211 1261 2243 hinc
1277 2213 1416 2244 Teucrum
1433 2213 1597 2244 Musonius
1614 2225 1691 2245 con-

375 2269 518 2313 jiciebat,
542 2268 726 2309 Turnumque
750 2266 834 2296 Ven.
879 2265 939 2295 Sed
955 2263 1047 2295 codd.
1076 2264 1143 2294 fere
1159 2273 1270 2294 omnes
1286 2276 1339 2306 que
1355 2263 1519 2295 excludere
1535 2265 1692 2298 testantur

378 2323 465 2355 Pier.
482 2327 513 2351 et
529 2319 657 2354 Heins.,
675 2325 706 2348 et
723 2317 865 2359 primum
885 2315 1044 2347 sublatum
1065 2328 1118 2358 que
1135 2315 1229 2346 video
1245 2315 1279 2346 in
1296 2314 1492 2347 Commelin.
1538 2317 1602 2348 Pto
1617 2318 1694 2351 infi.

374 2373 453 2407 titio
468 2370 570 2403 habeo
584 2376 692 2401 totum
707 2368 767 2398 hoc
777 2383 785 2399 2
809 2376 836 2398 et
851 2379 935 2410 quam
952 2367 990 2398 T.
1010 2366 1181 2398 d.-—omnis.

378 2493 552 2535 *terpretes
568 2482 634 2520 fibi
651 2482 715 2533 ipfi
733 2481 878 2531 laqueos
910 2480 1004 2517 mira
1068 2492 1150 2516 nam
1169 2477 1318 2516 Rutulis
1336 2488 1371 2517 et
1389 2477 1530 2516 Latinis
1543 2480 1695 2517 aderant

378 2535 582 2574 subtilitate
599 2534 766 2571 induunt.
828 2533 912 2570 162.
932 2531 1006 2568 Ob-
1069 2530 1212 2575 Volsci,
1249 2530 1342 2568 duce
1369 2530 1552 2568 Camilla:
1596 2531 1692 2575 VII,

380 2598 534 2631 ruerent3
563 2586 702 2623 utinam
720 2597 777 2621 me
797 2582 914 2633 ipsum
937 2583 1006 2620 ob·
1072 2584 1159 2630 803.
1200 2582 1368 2632 juvabit,
1393 2583 1535 2631 juvato,
1561 2582 1692 2621 solatio

381 2638 547 2676 ruissent!
607 2639 690 2675 166.
732 2637 834 2685 de
859 2636 910 2681 st.
965 2634 1006 2672 Si
1069 2634 1156 2675 esto,
1184 2633 1299 2670 filium
1330 2647 1402 2670 non
1434 2633 1598 2671 cecidisse
1623 2633 1692 2671 nisi

381 2699 518 2729 tamen.
573 2688 691 2725 Solari
716 2686 751 2724 se
778 2685 893 2736 ipsum
912 2685 1005 2723 inci·
1070 2684 1173 2722 aditu
1196 2685 1271 2733 jam
1300 2684 1454 2722 Teucris
1485 2684 1523 2721 in
1541 2684 1691 2722 Latium

381 2742 453 2793 pit.
511 2743 596 2791 167.
627 2739 831 2790 Volscorum:
861 2746 900 2774 ut
918 2741 1004 2787 poe‘-
1069 2735 1271 2787 patefacio:
1300 2736 1348 2776 sc.
1369 2749 1430 2789 per
1445 2736 1609 2789 praelium
1636 2736 1692 2773 fe-

383 2804 437 2840 ta,
455 2791 605 2832 omnino
620 2805 687 2844 pto
705 2789 865 2831 hostibus
878 2788 1002 2828 dixit:
1068 2786 1243 2830 cundum.

1604 2850 1694 2892 172.
