1847 3313
361 307 459 354 444
560 287 612 335 P.
660 284 1039 334 VIRGILII
1098 285 1484 335 MARONIS

359 423 484 487 Qae
512 421 690 467 Clonus
716 417 971 479 Eurytides
993 419 1146 466 multo
1163 419 1411 468 caelaverat
1436 436 1576 474 δυνος

359 514 472 577 Qo
495 528 618 558 nunc
644 511 833 558 Turnus
858 522 968 557 ovat
1000 509 1152 574 spolio
1177 511 1448 575 gaudetque
1470 511 1672 574 potitus.

358 606 531 652 Nescia
557 622 687 652 mens
712 605 965 652 hominum
992 603 1073 651 fati
1101 605 1325 669 sortisque
1349 606 1537 662 futurae,
1582 618 1669 666 501

358 695 423 742 Et
448 693 624 738 servare
650 689 866 746 modum,
891 689 1030 736 rebus
1055 688 1235 735 sublata
1260 687 1490 740 secundis,

361 784 526 829 Turno
547 794 729 841 tempus
755 777 860 835 erit,
885 793 1060 841 magno
1083 794 1194 824 cum
1213 778 1449 844 optaverit
1472 791 1656 826 emtum

359 873 598 922 Intaftum
628 871 852 926 Pallanta,
888 882 933 916 et
958 886 1070 916 cum
1093 869 1242 933 spolia
1262 869 1344 916 ista
1363 869 1590 934 diemque

360 963 548 1010 Oderit.

359 1054 625 1117 Iri-positum
651 1052 782 1098 scuto
804 1051 1011 1098 referunt
1039 1052 1251 1098 Pallanta
1274 1051 1561 1114 frequentes,

621 963 688 1008 At
706 960 818 1007 socii
844 961 997 1007 multo
1017 960 1202 1024 gemitu
1226 961 1528 1024 lacrimisque
1586 974 1673 1027 505

360 1145 407 1191 O
422 1145 557 1192 dolor
580 1154 720 1204 atque
743 1127 884 1188 decus
904 1158 1133 1204 magnum
1159 1141 1365 1188 rediture
1383 1143 1566 1204 parenti
1585 1141 1598 1188 l

361 1237 487 1284 Haec
513 1248 559 1281 te
579 1234 734 1298 prima
754 1233 854 1279 dies
873 1232 997 1278 bello
1016 1231 1164 1289 dedit,
1180 1232 1284 1278 haec
1303 1231 1470 1277 eadem
1494 1232 1674 1282 aufert:

363 1329 488 1375 Cum
512 1338 670 1372 tamen
696 1323 901 1386 ingentis
934 1322 1221 1369 Rutulorum
1247 1322 1423 1385 linquis
1446 1339 1635 1371 acervos
1662 1323 1675 1372 !

403 1466 479 1498 499.
497 1457 669 1501 Qaebonus
686 1456 827 1496 Eurytion
844 1460 924 1485 vett.
941 1452 1030 1490 edd.,
1041 1452 1142 1483 etiam
1155 1451 1245 1483 codd.
1266 1463 1350 1494 pars.
1389 1452 1460 1491 Sed,
1472 1452 1556 1494 quod
1569 1451 1681 1484 Heins.

363 1517 396 1541 et
412 1518 484 1540 ante
502 1520 576 1539 eum
594 1507 789 1539 Commelin.
810 1517 825 1537 e
840 1505 937 1536 Palat.
956 1504 1108 1546 reposuit,
1126 1504 1359 1546 praestantiores
1369 1504 1436 1547 ejus
1446 1512 1476 1535 et
1489 1505 1572 1536 Pier.
1588 1504 1680 1539 codd.

361 1561 493 1593 habent.
529 1560 678 1591 Monstra
691 1557 879 1598 corruptelae
892 1568 928 1588 ex
940 1556 1009 1587 aliis
1019 1555 1107 1587 libris
1118 1567 1139 1587 v
1164 1567 1216 1597 ap.
1231 1556 1361 1593 Burm.;
1381 1556 1459 1586 adde
1470 1556 1563 1587 domus
1579 1557 1680 1598 Eury·

362 1616 419 1645 cion
443 1623 480 1643 ex
498 1611 585 1642 Goth
686 1620 762 1649 501.
780 1610 870 1651 fomis
894 1608 966 1639 edd.
984 1608 1091 1650 vulgg.
1108 1607 1304 1649 aliquot‚sed
1316 1608 1467 1651 cumfato
1483 1607 1680 1652 omninofhrs

362 1663 477 1694 melius
490 1662 813 1704 jungitur.--—-502.
834 1661 898 1690 Nec
906 1658 1030 1703 servare
1042 1671 1077 1688 m.
1093 1658 1160 1689 Diu
1177 1657 1251 1689 haefi
1268 1658 1300 1689 in
1317 1656 1376 1687 hoc
1393 1660 1469 1695 Nec,
1487 1658 1572 1698 quod
1588 1668 1682 1699 pror·

361 1716 412 1747 sus
425 1714 668 1745 incommodum
682 1711 741 1742 effe
759 1710 920 1742 videbam.
947 1712 1024 1740 Mox
1037 1710 1102 1741 vidi
1120 1709 1165 1740 nil
1182 1709 1242 1740 effe
1260 1709 1346 1740 aliud
1363 1719 1459 1749 quam
1474 1708 1591 1740 vitium
1604 1710 1678 1743 edd.

361 1768 537 1797 Burmann.
586 1765 672 1795 Nam
701 1774 822 1799 umneS,
853 1772 932 1803 quos
961 1761 1081 1799 evolvi,
1106 1761 1213 1803 scripti
1241 1768 1273 1791 et
1300 1759 1376 1791 editi
1405 1761 1448 1792 Et
1470 1761 1498 1804 s.
1531 1759 1648 1791 habent
1667 1771 1678 1794 z

361 1818 468 1859 itaque
492 1816 615 1847 mutavi
640 1825 705 1845 non
723 1814 921 1846 cunctanter.
968 1813 1048 1844 rebus
1066 1814 1168 1857 lqffata
1190 1812 1217 1856 s.
1242 1812 1327 1854 apud
1353 1812 1466 1843 Lutat.
1486 1811 1525 1842 ad
1549 1813 1630 1844 Stat.
1649 1813 1679 1844 11

1319 1872 1398 1902 504.
1412 1862 1461 1906 sp.
1480 1862 1537 1906 ipsa
1556 1863 1680 1894 Medic·

359 1869 464 1900 Theb.
486 1868 558 1899 188.
594 1867 714 1910 sublata
730 1869 837 1907 poeta:
855 1864 911 1902 cst,
926 1864 1011 1905 quod
1027 1864 1103 1896 clara
1120 1863 1228 1904 vulgo.

362 1930 435 1950 am.
451 1929 499 1960 pr.
527 1926 558 1949 et
573 1918 668 1948 Leid.
757 1924 832 1954 505.
857 1916 904 1946 Ac
928 1914 1067 1946 Dorvill.
1158 1914 1238 1953 506.
1265 1915 1340 1956 Imp.
1360 1914 1444 1955 clipeo
1475 1913 1561 1954 apud
1587 1914 1678 1946 Serv.

363 1968 423 2001 inf.
457 1969 531 2006 841.
578 1968 718 1999 Pallanta
741 1967 888 2009 sequentes
920 1964 1051 1995 Zulich.
1141 1973 1218 2003 507.
1241 1966 1370 2011 parentis
1395 1965 1507 2000 Rom.‚
1530 1964 1585 1995 sed
1606 1964 1679 1996 vul-

361 2030 474 2063 gatum
503 2019 688 2061 elegantius.
778 2018 854 2057 508.
890 2026 977 2062 atque
1007 2017 1101 2049 eadem
1127 2027 1178 2059 pr.
1210 2016 1331 2048 Hamb.
1374 2016 1462 2059 aufer
1491 2017 1677 2048 Rom.—

361 2083 435 2115 509.
461 2074 513 2105 Cui
528 2081 550 2104 t.
573 2071 666 2102 Lcid.
712 2071 815 2114 linquit
840 2069 933 2103 Leid,
959 2069 1050 2101 alius.

1048 2178 1228 2229 parandus
1261 2176 1307 2214 ad
1349 2191 1424 2215 rem
1472 2177 1597 2216 similis
1631 2179 1678 2221 dc:

1049 2231 1209 2267 Hectore
1226 2229 1383 2267 Patrocli
1404 2229 1529 2280 spoliis
1543 2239 1675 2268 ovante

1047 2283 1149 2322 locus
1167 2282 1275 2319 Iliad.
1309 2299 1341 2331 ς,
1383 2293 1577 2331 193-201
1619 2281 1674 2332 sq„

361 2184 436 2226 IV,
463 2194 686 2233 ⁴132——135.
722 2192 838 2239 ”499
868 2178 981 2238 qu

362 2236 510 2273 artificis
528 2247 658 2271 nomen
672 2232 814 2281 adpert,
833 2240 872 2267 ut
892 2245 982 2280 poe-

363 2299 414 2332 ta,
451 2286 542 2323 facit
562 2284 721 2322 Homeri
757 2295 901 2333 quoque
919 2295 982 2319 ex-

363 2339 511 2388 emplo;
539 2337 626 2374 artis
650 2335 746 2372 enim
773 2334 982 2385 praestantiae

364 2393 471 2429 fidem
507 2390 576 2425 hoc
607 2387 707 2424 facit.
765 2399 852 2436 501.
888 2385 981 2437 Qae

364 2444 440 2485 liic,
474 2440 584 2477 etiam
609 2440 658 2476 vs.
691 2450 908 2489 goy—509,
937 2437 983 2474 de

365 2496 428 2532 suo
445 2492 574 2541 adjicit
592 2495 717 2542 po'e'ta,
748 2499 783 2525 et
801 2488 983 2538 egregiam

363 2544 575 2583 sententiam
614 2541 760 2583 habent,
799 2550 850 2582 et,
895 2541 982 2578 dum

364 2598 485 2635 futura
503 2594 695 2644 anticipat,
733 2591 891 2627 animum
923 2604 985 2627 ex-

366 2647 565 2699 pectatione
597 2645 800 2682 futurorum
830 2642 983 2693 agitant.

365 2715 400 2738 v.
432 2698 502 2736 inf.
530 2697 625 2740 XII,
653 2709 729 2747 940
749 2694 825 2744 sqq.
882 2693 984 2731 Hinc

364 2756 480 2802 po‘e'tae
514 2747 679 2786 certatim
715 2747 785 2783 hoc
831 2745 986 2782 artificio

365 2803 415 2839 usi
434 2802 526 2839 sunt.
558 2813 644 2851 503.
665 2808 704 2835 ut
723 2797 787 2834 lib.
819 2797 874 2842 11,
915 2810 987 2846 104

365 2868 484 2908 magno
503 2862 684 2890 mercentur
692 2849 831 2889 Achivi.
873 2848 989 2886 Com-

1051 2347 1139 2385 507.
1166 2333 1257 2370 dolor
1281 2345 1383 2384 atque
1413 2336 1519 2371 decus.
1567 2334 1673 2370 Sum-

1047 2385 1167 2422 serunt
1201 2385 1286 2421 hinc
1317 2384 1381 2421 alii
1411 2385 1546 2436 paffim.
1600 2384 1676 2421 Ex-

1046 2436 1164 2486 empla
1181 2435 1314 2473 habent
1330 2436 1453 2473 Cerda
1473 2446 1508 2471 et
1534 2437 1677 2483 Burm.²

1048 2487 1215 2538 inprimis
1231 2487 1417 2525 Martialis
1436 2486 1512 2532 XI,
1543 2501 1589 2537 14
1609 2489 1677 2525 Ro-

1048 2545 1141 2576 mani
1153 2541 1248 2576 decus
1264 2551 1295 2576 et
1315 2539 1404 2576 dolor
1416 2538 1554 2577 theatri.
1583 2539 1675 2589 Supq

1050 2590 1103 2633 V,
1139 2605 1204 2641 49.
1227 2604 1274 2642 50
1304 2606 1396 2642 quem
1413 2593 1548 2640 stmper
1575 2603 1674 2628 accr-

1049 2641 1153 2686 bum,
1186 2645 1322 2692 semper
1353 2642 1568 2679 honoratum
1612 2653 1674 2683 etc.

1055 2706 1141 2744 509.
1171 2694 1262 2731 Haec
1283 2693 1328 2730 ad
1348 2693 1531 2743 vulgarem
1556 2694 1676 2730 homi-

1052 2758 1139 2782 nurn
1159 2744 1320 2782 sensum:
1353 2758 1461 2795 quem
1476 2753 1676 2795 temperant

1053 2796 1129 2840 illa,
1164 2809 1246 2847 quae
1280 2797 1384 2847 supra
1421 2796 1670 2845 praemiserat:

1052 2851 1126 2900 465
1156 2850 1236 2889 Stat
1253 2850 1329 2898 sua
1355 2853 1467 2900 cuique
1499 2850 1566 2886 dies
1598 2857 1673 2935 efen

1637 2908 1673 2936 ta
