1847 3313
407 291 504 336 140
757 272 1379 323 EXCURSUSIV

434 398 506 439 aud
526 399 684 440 Festum,
705 398 740 435 in
765 400 927 448 Auſsmia,
965 412 1007 436 ea
1027 412 1112 449 pars
1130 401 1261 443 ltaliae,
1293 401 1331 438 in
1351 413 1424 450 qua
1455 400 1535 438 sunt
1554 399 1662 437 Cales
1683 402 1726 435 et

411 456 685 501 Beneventum,
712 458 832 508 prima
849 459 1033 496 Ausonum
1051 459 1150 496 sedes
1169 461 1269 498 fuiss'e
1283 461 1454 497 traditur.
1509 459 1569 498 Ad
1599 458 1720 497 Lirim

406 518 493 556 urbs
510 520 659 557 Ausona
675 520 794 556 adhuc
810 519 871 556 sub
900 520 1079 558 Romanis
1101 521 1186 564 suit,
1215 535 1299 559 nam
1319 521 1370 559 U.
1394 521 1440 558 C.
1468 534 1546 570 440
1573 534 1615 558 ea
1635 532 1720 557 curn

407 579 615 617 Minturnis
637 590 672 616 et
693 579 826 617 Vescia
841 580 887 616 ab
906 579 950 617 iis
971 590 1095 629 capta,
1123 581 1294 632 deletaque
1309 582 1476 630 Atq'ommt
1487 595 1570 630 gens
1588 596 1601 618 .·
1634 580 1720 617 Liv.

405 638 480 681 IX,
512 653 574 689 ες.
632 641 692 677 Ex
726 639 857 677 eodem
889 653 1026 690 genere
1062 641 1228 678 homines
1260 641 1363 678 fuisse
1396 641 1534 678 necesse
1564 641 1628 682 est,
1656 639 1721 689 qui

406 698 490 736 loca
518 700 615 736 intra
641 699 873 737 Lametinum
893 710 930 736 et
959 700 1169 750 Scylaeium
1190 701 1301 738 finum
1323 711 1488 742 tenuere,
1520 711 1722 750 antequam

407 758 555 809 Pelasgi
594 760 759 798 OEnotrii
782 774 825 797 ea
857 771 1097 810 occuparunt.
1154 763 1242 799 Pars
1272 774 1400 799 eorum
1421 761 1493 798 alia
1522 761 1721 810 Opicorum,

406 818 470 856 vel
498 819 666 868 Ostorum,
687 833 733 857 ex
751 819 900 868 Opscis,
930 828 1071 857 nomen¹
1095 821 1241 864 habuit,
1269 834 1426 872 quorum
1461 820 1634 869 superstes
1670 817 1719 855 ad

405 877 543 918 {eriora
578 890 745 930 tempora
785 879 855 917 fuit
880 894 1050 918 numerus
1083 895 1151 931 per
1186 881 1269 919 loca
1301 881 1514 930 Campanize
1551 879 1724 931 proxima

405 939 556 982 Atellis,
576 939 670 976 unde
684 949 719 976 et
743 938 868 991 linguae
888 941 985 987 Ostae
1004 952 1138 977 nomen
1157 941 1300 983 mansit,
1323 955 1432 990 quam
1454 938 1723 989 Aboriginibus

405 1008 446 1036 et
476 999 682 1037 Ausonibus
703 1012 935 1037 communem
956 999 1056 1037 fuiffe
1076 999 1241 1050 adeoque
1271 1000 1415 1038 Latina:
1442 1010 1563 1037 ortum
1587 998 1722 1035 dedisse

407 1058 548 1096 necesse
580 1058 644 1095 est.
700 1059 787 1095 Pars
809 1057 997 1095 Ausonum
1016 1058 1053 1095 in
1075 1059 1214 1096 Sabinos
1234 1059 1343 1101 abiit,
1371 1072 1456 1110 pars
1475 1059 1512 1096 in
1533 1060 1723 1100 Auruncos,

406 1117 510 1156 cultu
528 1117 588 1155 illa
608 1117 794 1155 horridior
815 1132 826 1160 ;
856 1118 952 1154 facta
971 1117 1110 1155 scilicet
1128 1131 1265 1169 magna
1285 1119 1369 1156 vitae
1388 1130 1425 1155 et
1443 1132 1586 1156 morum
1606 1127 1724 1155 muta-

408 1177 525 1220 tione,
545 1176 606 1214 alii
624 1187 788 1214 veterem
819 1177 1056 1227 asperitatem
1078 1177 1260 1215 retinuere
1278 1193 1288 1222 3
1318 1178 1397 1215 aliis
1420 1180 1636 1216 Graecarum
1658 1189 1723 1215 co-

406 1235 592 1274 loniarum
611 1246 706 1272 artes
726 1245 763 1273 et
783 1235 943 1272 instituta
959 1235 1253 1274 adsciscentibus.
1309 1237 1553 1275 Consentiunt
1568 1250 1653 1275 cum
1668 1237 1724 1274 his

407 1295 490 1333 loca
507 1295 657 1333 Aristot.
676 1294 722 1331 de
737 1295 835 1346 Rep.
853 1296 948 1338 VII,
978 1309 1022 1333 10
1050 1297 1130 1346 {singu
1158 1297 1190 1334 δὲ
1223 1299 1261 1334 τὸ
1287 1300 1344 1344 μὲν
1375 1299 1453 1348 επρὸς
1480 1300 1537 1338 τὴν
1555 1299 1724 1346 Τυῤῥηνιάν

408 1355 557 1398 Ὀπικσῖ,
587 1354 645 1391 uxi
674 1356 840 1403 πξότεξον,
870 1355 927 1391 καὶ
948 1361 992 1392 νῖν
1020 1358 1193 1402 κοιλέμενοι
1212 1358 1267 1395 τῆν
1294 1359 1474 1403 ἐπωνυμίαν
1501 1358 1649 1400 Αὔσονες,
1681 1368 1718 1395 et

409 1415 567 1466 Dionys.
589 1416 623 1457 I,
646 1427 693 1465 72
727 1428 773 1451 ex
794 1415 1003 1458 Aristotele,
1033 1416 1170 1458 Ὀπικῆ,
1199 1420 1234 1453 in
1252 1433 1318 1469 qua
1337 1419 1489 1455 Latium.
1544 1407 1593 1455 E't
1611 1415 1738 1456 Thu-‘

406 1475 497 1525 cyd.
518 1476 591 1517 VI,
625 1486 658 1516 1,
686 1486 769 1511 cum
789 1473 947 1524 Dionys.
966 1474 1001 1517 I,
1031 1487 1095 1517 22,
1134 1476 1274 1518 Siculos,
1300 1479 1375 1514 dum
1400 1478 1521 1527 Opicos
1542 1481 1726 1527 fugerent,

409 1539 447 1574 in
485 1534 641 1572 Siciliam
675 1535 839 1583 trajecisse}
855 1548 868 1570 .·
916 1533 979 1570 etsi
1018 1534 1259 1585 Thucydides
1297 1537 1436 1574 Siculos
1476 1537 1513 1574 in
1550 1537 1726 1576 inferiore

408 1595 521 1634 Italia
539 1593 735 1645 quaefiviffe
765 1592 939 1630 videtur:
982 1592 1069 1643 quia
1087 1595 1197 1632 Italia
1217 1595 1263 1632 ab
1291 1596 1432 1634 Graecis
1457 1595 1726 1647 antiquioribus

410 1656 457 1693 de
476 1665 642 1693 extrema
659 1663 763 1704 parte
778 1653 854 1691 dici
869 1654 1026 1691 sollenne
1042 1665 1132 1693 erat.
1189 1656 1354 1694 Omnino
1367 1668 1490 1694 autem
1506 1657 1640 1696 mirum
1655 1672 1726 1696 non

409 1716 475 1757 est,
512 1715 551 1752 in
580 1723 683 1751 tanta
715 1713 936 1763 populorum
955 1715 1179 1765 cognatione
1210 1716 1360 1754 nomina
1378 1715 1624 1767 saepenumero
1641 1731 1726 1770 pro-

412 1774 548 1814 miscue
567 1772 667 1823 poni.

466 1836 528 1873 Ab
555 1835 625 1872 hac
656 1833 843 1871 communi
871 1836 1039 1884 Ausonum
1050 1838 1162 1886 stirpe
1189 1845 1310 1872 orturn
1331 1835 1469 1875 duxere
1490 1845 1545 1874 tot
1564 1836 1726 1875 nomini-

410 1895 479 1933 bus
507 1895 643 1943 diversi
659 1893 779 1930 ltaliae
792 1893 908 1942 populi
921 1909 934 1931 :
977 1894 1154 1945 permixti
1173 1894 1323 1944 quidem
1343 1894 1398 1931 illi
1413 1897 1537 1945 passim
1557 1910 1639 1933 curn
1656 1897 1725 1934 Pe-

411 1955 538 2006 lasgis,
558 1952 646 1991 alibi
666 1965 749 1989 cum
772 1953 978 1991 Siculorum
994 1963 1031 1992 et
1049 1954 1279 1992 Umbrorum
1300 1955 1478 2005 reliquiis,
1500 1956 1593 1993 forte
1612 1957 1725 1994 etiam

411 2029 499 2054 cum
518 2014 612 2056 aliis,
644 2012 707 2062 qui
727 2026 748 2049 a
778 2012 914 2056 Gallis,
953 2014 1172 2065 Liguribus,
1207 2014 1378 2052 Liburnis
1407 2015 1555 2065 aliisque
1583 2013 1727 2066 lllyrici

413 2074 560 2127 generis
576 2072 722 2124 populis
741 2073 813 2110 orti
833 2083 960 2118 erant;
992 2074 1191 2112 Ausonium
1210 2084 1334 2112 tamen
1349 2087 1482 2112 nomen
1504 2075 1636 2126 ubique
1656 2076 1727 2114 fuit

412 2135 576 2187 superius
596 2143 631 2171 et
667 2132 836 2170 Ausoniae
855 2134 1010 2185 originis
1036 2135 1189 2187 vestigia
1215 2135 1378 2172 mansere
1406 2135 1540 2186 ubique
1567 2150 1638 2174 non
1658 2137 1726 2174 ob-

411 2195 528 2234 scura.
584 2192 706 2230 Sabini
733 2192 898 2243 quidem,
934 2194 998 2244 qui
1030 2208 1073 2232 ea
1103 2196 1186 2233 loca
1221 2194 1492 2238 inhabitabant,
1526 2195 1564 2232 in
1592 2195 1726 2246 quibus

415 2255 579 2294 Ausones
603 2253 662 2290 seu
683 2252 909 2303 Aborigines
928 2254 1082 2291 Umbris
1103 2255 1258 2305 expulsis
1278 2255 1514 2292 successerant
1551 2255 1726 2305 (Dionys.

413 2317 449 2358 I,
474 2327 533 2364 34.
564 2314 620 2354 II,
640 2315 701 2362 48.
723 2312 813 2362 49),
840 2326 909 2363 pro
924 2314 1162 2351 vetustissimis
1189 2314 1265 2363 ejus
1287 2315 1403 2364 stirpis
1422 2316 1569 2352 fuerunt
1583 2315 1724 2352 habiti:

413 2376 462 2414 ad
479 2388 541 2412 eos
559 2373 743 2423 originem
758 2373 966 2411 referebant
987 2376 1152 2418 Picentes,
1172 2375 1323 2426 Peligni,
1341 2376 1555 2417 Marrucini,
1583 2377 1726 2426 Vqstini,

414 2437 549 2477 Marci,
586 2433 719 2482 AEqui‚
755 2433 911 2477 Hernici,
949 2435 1133 2472 Samnites.
1208 2436 1244 2473 A
1283 2435 1511 2473 Samnitibus
1539 2436 1724 2478 Frentani,

414 2498 575 2546 Hirpini,
602 2495 749 2535 Lucani,
777 2503 814 2530 et
834 2494 880 2531 ab
900 2494 955 2532 his
984 2496 1121 2533 Bruttii
1148 2506 1421 2545 provenerant3
1449 2509 1470 2532 a
1499 2495 1726 2533 Samnitibus

412 2556 527 2593 etiam
556 2555 740 2603 Campani,
769 2552 831 2602 qui
847 2553 982 2602 priscos
1000 2555 1166 2592 locorum
1186 2554 1340 2598 incolas,
1369 2554 1559 2592 Ausonum
1578 2563 1616 2592 et
1647 2556 1726 2592 Au-

414 2628 610 2654 runcorum
624 2613 800 2655 nominis,
828 2627 912 2651 cum
933 2615 1108 2658 Etruscis,
1133 2615 1232 2666 agris
1252 2617 1375 2666 passim
1394 2615 1594 2664 ejecerant.
1651 2616 1726 2653 Ac-

413 2676 574 2714 curatius
594 2675 670 2711 haec
690 2687 873 2723 exponere
893 2684 996 2713 tauto
1015 2675 1256 2726 opportunius
1281 2675 1365 2718 fuit,
1398 2689 1470 2725 quo
1490 2676 1618 2717 multa,
1646 2689 1727 2726 quae

413 2738 453 2775 in
484 2735 716 2786 sequentibus
744 2733 791 2770 ad
816 2739 935 2784 poetae
967 2735 1312 2787 interpretati0nem
1339 2737 1552 2780 afferentur,
1581 2736 1652 2773 fine
1671 2736 1726 2774 his

415 2799 479 2841 vix
498 2797 655 2849 intelligi
675 2797 831 2848 poffunt.

1536 2857 1725 2896 Habemus
