1847 3313
401 339 490 384 142
704 318 1266 372 EXCURSUS
1343 315 1415 365 IV

395 456 516 507 major
530 468 677 496 ornatus
695 470 781 509 pars
807 456 854 494 ab
871 454 1008 507 ineptis
1026 454 1224 492 verborum
1250 451 1385 490 lufibus
1411 457 1473 488 aut
1488 446 1620 487 veteris
1639 444 1714 485 ser-

398 519 518 558 monis
538 519 584 557 ad
602 518 808 557 recentiora
824 518 939 555 verba
963 515 1267 566 interpretatione
1286 513 1346 550 vel
1361 509 1561 549 inflexione
1579 508 1687 546 dufta
1702 518 1714 546 2

399 580 500 617 Cum
529 579 628 617 enim
651 588 796 616 veteres
838 577 944 620 ritus,
975 586 1015 614 ut
1046 577 1099 618 fit,
1128 583 1165 611 et
1183 574 1293 611 effent
1311 570 1510 610 admodum
1529 567 1659 606 mutati
1678 575 1717 604 et

397 639 516 677 caussa
549 652 676 676 eorum
708 638 971 689 ignoraretur:
1014 633 1232 672 ariolatione
1259 632 1402 670 incerta
1421 629 1527 668 multi
1560 629 1648 666 ritus
1678 633 1716 662 et

398 698 498 736 sacra
517 697 753 748 interpretari
772 697 898 734 conati
919 696 964 733 ad
983 696 1182 732 verborum
1196 693 1310 730 lusum
1329 701 1366 729 et
1384 691 1570 742 originem
1588 687 1718 727 confu-

399 768 534 809 gerunt
560 769 596 796 et
622 758 708 796 inde
741 758 947 795 fabularum
978 757 1112 793 caussas
1142 755 1389 792 deduxerunt.
1445 752 1574 789 Passim
1592 759 1718 788 tamen

401 817 631 856 Graecanicae
646 831 793 869 quoque
809 818 941 856 fabulae
956 817 1095 868 aspersa
1111 816 1191 853 sunt
1210 814 1365 865 vestigia
1379 813 1514 864 aliqua.

455 879 510 916 Ea
530 879 696 931 quidem,
722 893 800 931 quae
818 880 913 923 VII,
934 893 980 931 45
1003 879 1082 930 sqq.
1112 877 1274 928 expofita
1292 877 1385 919 sunt,
1404 875 1451 912 de
1469 873 1599 924 quibus
1619 873 1716 910 Exc.

400 939 439 978 V
469 939 664 984 videndus,
710 939 808 978 haud
833 939 944 977 dubie
976 939 1204 990 Aboriginum
1237 938 1296 974 vel
1329 938 1529 974 Latinorum
1557 933 1719 972 habendi

401 999 480 1037 sunt
499 1002 618 1051 mytbi‚
648 1000 712 1052 qui
731 1014 820 1039 mox
842 1001 938 1038 inter
968 1001 1134 1038 Albanos
1160 998 1309 1041 servati,
1336 997 1487 1035 tandem
1507 996 1553 1033 ab
1582 995 1639 1033 his
1671 994 1719 1032 ad

402 1060 593 1098 Romanos
627 1070 888 1112 pervenerunt.
945 1061 1100 1098 Latinus
1120 1073 1142 1097 a
1175 1061 1301 1096 Fauno
1328 1068 1429 1095 ortus
1450 1056 1531 1094 Pici
1550 1069 1662 1105 nepos
1682 1065 1721 1093 et

403 1122 551 1160 Saturni
570 1123 733 1174 abnepos
753 1122 948 1172 proditur;
978 1123 1075 1173 quod
1089 1122 1141 1159 ita
1157 1120 1455 1172 intelligendum,
1476 1129 1514 1157 ut
1529 1119 1609 1157 illos
1624 1119 1720 1156 inter

404 1182 580 1231 majores,
616 1183 734 1234 stirpis
760 1197 850 1221 vero
884 1185 1070 1221 auctorem
1103 1182 1272 1220 ultimum
1300 1183 1498 1219 Saturnum
1534 1180 1719 1218 habuerit.

405 1241 469 1279 Sic
483 1242 550 1279 inf.
582 1254 656 1292 219
685 1243 786 1290 Jove
817 1243 995 1280 Dardana
1023 1242 1126 1293 pubes
1158 1243 1295 1279 Gaudet
1327 1256 1414 1279 avo.
1470 1239 1722 1291 Aboriginum

403 1301 469 1339 alii
488 1303 606 1352 mythi
635 1303 737 1340 fuere
756 1303 802 1340 de
831 1303 945 1352 Jano,
973 1302 1018 1339 de
1048 1303 1217 1345 Camenis,
1249 1302 1297 1338 de
1325 1302 1429 1338 Anna
1460 1300 1633 1342 Perenna,
1670 1299 1719 1337 de

405 1364 603 1413 Angerona,
631 1363 677 1399 de
698 1364 835 1405 Carnu,
862 1363 909 1400 de
926 1364 1012 1412 Ope,
1041 1362 1249 1409 symbolicae
1278 1362 1356 1400 fere
1375 1370 1528 1402 naturae,
1562 1360 1622 1397 sed
1641 1360 1722 1410 ple-

406 1422 512 1473 rique
530 1423 773 1465 obscuriores,
810 1436 894 1461 cum
926 1423 1009 1473 ipsis
1031 1422 1253 1465 nominibus,
1279 1436 1359 1473 quae
1378 1421 1475 1473 apud
1495 1421 1731 1463 Varronem,

407 1483 569 1526 Festum,
600 1482 852 1525 Mzrcrobium,
887 1482 1145 1531 Augustinum,
1181 1482 1385 1519 Arnobium
1402 1491 1438 1518 et
1457 1481 1546 1519 alios
1565 1481 1644 1518 sunt
1663 1480 1722 1518 vi-

406 1542 552 1586 denda3
581 1552 621 1579 ut
635 1542 727 1579 adeo
747 1541 810 1579 vix
826 1542 867 1579 r'it
881 1555 1002 1592 operae
1021 1541 1196 1592 pretium,
1215 1540 1253 1578 in
1268 1540 1339 1579 illis
1353 1538 1470 1578 otium
1485 1542 1697 1579 consumere
1713 1555 1724 1578 :

406 1602 593 1653 inprimiS,
620 1616 703 1640 cum
717 1616 836 1653 pauca
850 1602 998 1652 integra
1013 1615 1054 1639 ac
1073 1601 1170 1644 sana,
1194 1602 1367 1652 pleraque
1384 1602 1601 1639 commentis
1614 1612 1651 1639 et
1669 1601 1725 1638 in-

407 1663 703 1713 terpretamentis
720 1663 820 1700 foede
835 1661 1086 1700 contaminata
1100 1661 1146 1698 ad
1165 1674 1230 1698 nos
1244 1660 1491 1711 pervenerint.
1539 1659 1725 1698 Certatim

408 1724 507 1761 enirn
531 1724 577 1760 ab
605 1722 801 1767 historicis,
839 1721 1111 1773 grammaticis,
1131 1730 1168 1758 et
1187 1723 1302 1759 multo
1321 1720 1438 1771 magis
1468 1734 1489 1757 a
1514 1721 1724 1759 doCtoribus

409 1784 624 1821 Christianis
640 1783 881 1821 :illaboratum
897 1784 961 1825 est,
981 1791 1019 1819 ut
1037 1781 1294 1831 antiquitatem
1323 1781 1556 1819 obscurarent
1579 1795 1622 1819 ac
1641 1791 1724 1819 tan-

408 1844 494 1881 dem
527 1844 672 1894 penitus
706 1844 979 1894 extinguerent.
1036 1842 1138 1879 Rara
1152 1841 1276 1892 itaque
1296 1841 1444 1879 fortuna
1468 1841 1533 1879 vix
1560 1855 1668 1879 unam
1686 1852 1723 1880 et

409 1904 564 1942 alteram
593 1903 729 1941 veteris
754 1903 873 1941 Italiae
901 1902 1123 1954 religionum
1154 1901 1498 1953 interpretationem
1531 1901 1723 1945 servavit3

408 1966 475 2002 etfi
497 1966 577 2003 sunt
607 1966 645 2003 in
673 1965 717 2003 iis
746 1965 940 2007 nonnullae,
986 1964 1116 2015 quibus
1146 1964 1347 2013 priscorum
1384 1963 1575 2001 hominurn
1606 1964 1724 2001 sermo

409 2026 630 2076 symbolicus
664 2026 818 2077 egregie
854 2026 1065 2063 illustratur.
1121 2023 1183 2062 Sic
1214 2022 1388 2067 Vulcani,
1426 2023 1490 2073 qui
1523 2023 1621 2075 ignis
1660 2025 1724 2067 est,

409 2099 503 2123 uxor
531 2085 628 2136 apud
660 2085 832 2124 Macrob.
866 2086 943 2122 Sat.
972 2086 1008 2128 I,
1050 2096 1093 2121 12
1124 2083 1245 2121 editur
1272 2085 1393 2127 Maia,
1420 2083 1491 2120 hoc
1511 2084 1559 2120 est
1586 2084 1726 2127 Terra,

410 2147 542 2184 Mater
560 2159 710 2197 magna,
746 2144 806 2182 sed
833 2158 918 2182 cum
939 2144 1087 2183 notione
1118 2146 1262 2181 annus:
1291 2143 1386 2181 unde
1413 2143 1544 2180 eadem
1570 2143 1725 2194 Majesta

409 2204 508 2242 dicta
547 2204 633 2242 fuit.
690 2203 803 2254 Apud
838 2204 1067 2241 Tusculanos
1101 2204 1222 2241 Maius
1258 2213 1339 2240 erat
1366 2202 1527 2253 Jupiter.
1582 2201 1725 2239 Eadem

411 2278 499 2303 cum
518 2265 626 2302 Maia
648 2265 736 2315 Ops,
764 2266 861 2301 Bona
881 2265 976 2307 Dea,
996 2264 1134 2306 Fauna,
1152 2265 1288 2307 Fatua,
1315 2263 1463 2301 habita:
1492 2276 1530 2300 v.
1550 2262 1725 2301 Macrob.

411 2325 507 2363 ibid.
565 2327 741 2364 Vertumni
768 2335 804 2362 et
832 2326 986 2362 Pomona>
1014 2324 1139 2362 fabula
1164 2338 1210 2361 ex
1238 2324 1317 2375 ipso
1335 2323 1483 2362 nomine
1508 2324 1627 2361 lucem
1657 2323 1726 2360 ha·

412 2387 500 2425 bet:
529 2400 611 2424 eam
633 2400 671 2424 v.
701 2387 798 2437 apud
815 2386 999 2424 Ovidium
1015 2396 1052 2424 et
1069 2387 1237 2435 Propert.
1256 2387 1329 2429 IV,
1351 2399 1389 2424 2.

467 2448 541 2486 Sed
557 2447 595 2485 in
614 2447 671 2484 his
690 2447 823 2484 fabulis
848 2460 985 2498 magna
1003 2447 1098 2484 fac‘ta
1125 2448 1192 2483 effe
1207 2446 1356 2484 videtur
1377 2445 1604 2496 peturbatio,
1643 2459 1727 2495 qua-

411 2518 490 2547 tuor
515 2507 751 2558 pofiffimum,
780 2507 804 2543 fi
842 2507 938 2544 lefte
961 2505 1104 2555 judico,
1131 2508 1246 2543 modis.
1300 2507 1468 2549 Primum,
1494 2519 1593 2548 cum,
1622 2518 1727 2542 com-

414 2568 517 2606 muni
544 2568 632 2605 licet
652 2567 758 2616 stirpe
783 2565 946 2608 oriundi,
984 2566 1118 2603 diversi
1150 2576 1274 2602 tamen
1304 2575 1341 2602 et
1367 2579 1434 2616 per
1460 2563 1581 2602 varias
1610 2563 1728 2602 Italiae

413 2639 537 2679 partes
565 2627 725 2678 disperfi,
752 2626 881 2677 populi
907 2627 1076 2677 proprios
1097 2626 1246 2676 quisque
1262 2625 1435 2676 quosdam
1450 2626 1529 2664 suos
1549 2625 1728 2665 haberent

413 2689 590 2738 mythos:
627 2685 675 2722 ad
706 2686 934 2737 Aborigines
964 2686 1025 2724 seu
1056 2686 1211 2724 Latinos
1238 2698 1298 2722 eos
1316 2686 1461 2723 trahere
1483 2686 1595 2724 serior
1615 2684 1729 2734 coepit

414 2760 516 2791 aetas,
553 2747 795 2798 inprimisque
814 2760 835 2784 e
856 2747 1035 2784 Romanis
1068 2746 1229 2797 quisquis
1262 2756 1405 2784 veteres
1441 2746 1605 2785 historias
1638 2757 1730 2783 con·

409 2808 612 2859 cripserat.
659 2806 855 2844 Videndus
870 2807 907 2844 in
922 2808 1016 2844 hanc
1032 2818 1110 2844 rem
1124 2805 1292 2857 inprimis
1307 2805 1408 2844 Sext.
1430 2807 1560 2844 Aurel.
1572 2805 1729 2846 Victor3

415 2866 502 2909 add.
539 2867 640 2905 locus
661 2867 821 2906 Tzetzae
847 2865 894 2905 ad
926 2865 1117 2917 Lycophr.
1152 2877 1265 2917 1232,
1293 2878 1403 2917 quem
1424 2865 1470 2904 ad
1489 2865 1651 2904 Dionem
1670 2876 1730 2899 re-

1616 2930 1729 2963 traxit
