1847 3313
371 269 727 321 PRIORIS
781 265 1276 316 EDITIONIS.
1462 287 1491 335 9

172 414 222 464 in
259 410 396 473 nugis
430 408 502 454 his
540 402 854 454 consumere?
922 403 1102 450 Verum
1126 403 1192 450 est
1226 418 1280 449 ea
1305 404 1486 450 multo-

173 510 282 543 rum
319 491 501 555 opinio,
545 488 677 535 nullo
714 485 862 533 animi
899 483 1087 549 judicio
1127 484 1386 548 explorata,
1434 497 1488 532 ut

170 585 341 643 putent
366 573 472 619 satis
497 570 601 627 effe,
640 569 674 615 fi
710 567 857 615 modo
880 567 1099 614 codicem
1122 566 1197 612 vel
1222 565 1487 615 editionem

171 669 379 702 veterem
404 651 741 700 conferendam
762 649 1002 696 habeant?
1053 649 1104 695 id
1138 660 1314 707 autem,
1356 650 1487 712 quod

169 740 332 804 primo
366 733 480 784 loco
510 735 800 782 considerare
835 732 1090 790 debebant,
1132 732 1250 778 fitne
1287 731 1325 778 is
1362 733 1487 779 liber

169 836 326 877 novae,
361 830 439 865 aut
474 816 809 865 emendatioris
846 814 1058 862 lectionis
1095 814 1201 862 fons
1236 817 1310 863 vel
1349 816 1486 881 adju..

169 913 404 958 mentum,
448 902 530 948 vix
560 901 609 947 in
642 902 860 948 animum
884 900 1156 947 admittant.
1225 901 1394 962 Atqui,
1429 913 1484 948 ut

167 985 261 1037 hoc
295 984 519 1047 exemplo
554 995 674 1041 utar,
707 981 899 1045 Virgilii
939 992 1174 1028 trecentos
1209 982 1400 1029 codices
1435 996 1482 1030 et

169 1067 401 1114 editiones
423 1078 605 1114 veteres
628 1065 718 1111 hoc
741 1063 953 1126 respectu
979 1063 1058 1109 vix
1077 1064 1247 1127 dignas
1272 1064 1484 1122 habebit,

165 1165 281 1213 quas
317 1148 555 1212 inspiciat,
600 1148 656 1205 is,
697 1147 779 1210 qui
812 1161 920 1205 non·
943 1145 1004 1195 ad
1040 1146 1287 1209 vulgarem
1324 1148 1485 1208 opini-

165 1248 309 1279 onem
339 1232 584 1296 judicium
607 1232 694 1278 fibi
722 1231 896 1277 mentis
919 1231 1301 1278 constituendum
1326 1244 1479 1293 putet.

168 1314 353 1364 Utilior
382 1315 508 1361 haud
537 1314 683 1361 dubie
711 1329 855 1378 opera
890 1330 917 1361 a
939 1313 1053 1364 viris
1099 1312 1249 1360 doctis
1280 1327 1483 1376 ponetur

167 1396 219 1444 in
246 1396 351 1453 hoc,
385 1408 438 1442 ut
467 1396 678 1459 plurium
705 1396 973 1444 editionum
1003 1396 1141 1453 bona,
1169 1411 1281 1443 cum
1305 1396 1481 1443 dilectu

166 1489 326 1531 tamen
352 1480 573 1540 prudenti
610 1491 657 1525 et
690 1479 928 1542 diligenti,
974 1479 1023 1528 in
1046 1495 1190 1526 unam
1221 1478 1483 1538 conferant,

166 1574 312 1622 eaque
335 1559 456 1605 bona
480 1560 612 1605 novis
637 1560 827 1628 opibus,
875 1575 987 1621 quas
1024 1561 1169 1607 nostri
1206 1562 1254 1607 in
1291 1563 1362 1608 his
1401 1563 1483 1609 lit-

165 1640 275 1693 teris
308 1641 563 1702 profectus,
611 1641 782 1688 nostrae
818 1640 970 1688 aetatis
1008 1643 1211 1688 rationes
1246 1645 1481 1705 postulare

165 1721 287 1772 forte
330 1723 567 1782 videntur,
619 1725 929 1785 locupletent,
980 1726 1151 1787 quibus
1188 1727 1362 1774 iterum
1395 1730 1479 1777 alii

164 1802 383 1866 singulas,
407 1820 520 1866 quas
544 1804 756 1850 conferre
774 1804 818 1848 se
842 1803 968 1865 poffe
992 1818 1173 1867 putent,
1199 1808 1480 1857 acceffiones

163 1884 424 1949 adjiciant:
473 1897 541 1943 ut,
578 1885 626 1931 in
660 1884 856 1932 molesta
889 1886 975 1931 hac
1012 1887 1303 1935 diversarum
1336 1892 1481 1938 editi-

163 1983 327 2025 onum,
361 1983 470 2030 quae
507 1967 705 2031 fingulae
728 1967 1025 2033 aliquantum
1048 1971 1184 2017 bonae
1216 1972 1364 2037 frugis
1390 1975 1480 2020 ha-

163 2048 291 2107 bent,
315 2051 452 2112 copia
476 2049 780 2113 perveniatur
800 2050 1056 2114 aliquando
1082 2069 1153 2111 eo,
1186 2067 1240 2102 ut
1263 2056 1337 2118 iis,
1367 2074 1478 2120 quae

161 2144 271 2185 ante
305 2133 390 2179 hos
416 2134 642 2187 ducentos
665 2132 739 2178 vel
765 2145 988 2180 centenos
1020 2151 1165 2183 annos
1189 2136 1326 2185 usum
1357 2139 1479 2188 forte

163 2216 335 2271 habere
357 2231 577 2281 poterant
600 2218 825 2281 aliquem,
849 2237 975 2267 nunc
995 2233 1153 2269 autem
1172 2237 1252 2271 aut
1276 2229 1477 2274 omnino

161 2301 338 2350 habent
375 2303 574 2359 nullum,
621 2316 701 2349 aut
738 2304 903 2351 saltem
933 2307 1177 2370 exiguum,
1217 2308 1382 2371 spretis
1418 2327 1473 2359 ac

160 2381 357 2446 rejectis,
394 2384 632 2431 utiliffima
654 2397 701 2432 et
723 2388 906 2449 optima
928 2404 1134 2457 quaeque
1157 2390 1206 2437 in
1231 2407 1326 2438 uno
1347 2393 1476 2440 libro

161 2469 500 2530 comprehensa
538 2470 811 2518 habeamus.
895 2471 998 2519 Nifi
1037 2473 1167 2520 enim
1207 2476 1474 2527 litterarum

159 2548 460 2613 antiquarum
482 2551 635 2598 studio
659 2553 744 2599 hac
779 2566 858 2601 aut
881 2554 1023 2607 fir‘nili
1048 2556 1137 2604 alia
1159 2557 1341 2606 ratione
1365 2559 1473 2606 suC-

160 2644 388 2689 curratur,
404 2649 492 2695 qua
522 2633 786 2685 resecentur
808 2636 995 2685 inutilia
1017 2650 1063 2685 et
1085 2656 1113 2686 a
1141 2641 1285 2690 nostri
1310 2641 1473 2689 saeculi

160 2714 292 2760 cultu
316 2731 370 2762 ac
394 2717 538 2778 genio
562 2717 729 2774 aliena,
762 2717 1045 2782 adjiciantur
1065 2735 1225 2770 autem
1249 2740 1318 2780 ea,
1361 2740 1471 2788 quae

161 2794 272 2843 huic
317 2797 582 2847 litterarum
625 2802 739 2861 luci,
794 2802 906 2850 huic
948 2803 1156 2867 poetices
1202 2816 1249 2852 et
1293 2807 1470 2855 artium

160 2877 457 2949 expolitioni,
485 2884 694 2942 acumini
717 2883 1037 2960 philosophiae
1062 2887 1271 2946 melioris
1303 2901 1349 2935 et
1374 2889 1471 2936 his-

1334 2983 1473 3028 tOrlae
