1847 3313
329 290 427 338 414
512 262 996 321 P.V1RG1L11
1054 258 1458 316 MARoms

335 404 412 456 Ne
435 406 593 456 castris
608 406 829 469 jungant,
863 412 990 448 certa
1013 401 1076 447 est
1100 398 1323 446 sententia
1347 398 1526 444 Turno.
1549 399 1647 454 24&

335 501 483 561 Surge
505 513 608 560 age,
632 507 678 542 et
701 496 886 541 Aurora
906 492 1054 539 socios
1078 491 1294 538 veniente
1317 489 1477 535 vocari

338 585 526 637 Primus
550 588 598 634 in
615 596 744 632 arma
756 585 890 648 jube,
912 595 960 630 et
979 583 1186 645 clipeum
1214 593 1358 643 cape:
1393 595 1537 642 quem
1560 577 1649 625 de:-

534 677 606 723 dit
630 674 730 737 ipse

343 761 582 814 Invidium
604 762 888 827 ignipotens,
909 772 1048 829 atque
1069 772 1171 805 oras
1193 757 1365 804 ambiit
1388 771 1516 805 auro.

346 857 557 905 Crastina
579 855 675 912 lux,
698 869 803 901 mea
825 851 859 898 fi
883 868 977 899 non
1002 851 1143 897 inrita
1160 850 1286 896 dieta
1308 849 1505 912 putariS‚

345 949 568 1014 Ingentes
592 947 784 995 Rutulae
807 943 1035 1008 speetabit
1058 942 1200 989 caedis
1225 956 1430 988 acervos.
1561 950 1651 1000 245

349 1039 578 1090 Dixerat:
617 1049 662 1083 et
685 1035 847 1082 dextra
865 1032 1106 1080 discedens
1130 1029 1305 1094 inpulit
1327 1029 1492 1086 altam,

352 1130 502 1181 Haud
526 1130 685 1192 ignara
712 1127 857 1182 modi,
879 1123 1101 1188 puppim.
1139 1120 1282 1183 Fugit
1304 1119 1384 1165 illa
1405 1134 1489 1181 per
1509 1117 1661 1165 undas

353 1225 504 1275 Ocior
526 1233 571 1268 et
590 1218 751 1284 jaculo
775 1231 820 1266 et
844 1228 1006 1264 'ventos
1031 1225 1246 1277 aequante
1270 1211 1452 1276 sagitta.

401 1366 476 1396 240.
487 1359 552 1390 Nec
566 1369 589 1388 c.
604 1356 713 1386 Franc.
731 1352 858 1394 jungant
870 1350 964 1393 castris
979 1359 1028 1390 pr.
1048 1349 1168 1380 Moret.
1187 1345 1267 1388 justa
1285 1345 1352 1388 ests.
1372 1345 1498 1385 Hugen.
1520 1351 1523 1353 ’
1538 1352 1541 1354 ·
1556 1352 1559 1355 ’
1588 1342 1663 1379 242¹.

359 1408 469 1442 Pronus
487 1411 513 1440 in
529 1419 610 1439 arma
626 1406 747 1446 aliquot
765 1404 851 1434 Pier.
871 1413 949 1444 quem
965 1401 1041 1431 dedit
1057 1402 1151 1441 ingens
1172 1398 1293 1438 aliquot
1309 1396 1394 1426 Pier.
1412 1394 1549 1425 Mentel.
1565 1401 1596 1424 et
1604 1396 1664 1434 pro
1701 1407 1705 1410 -

360 1462 426 1493 div·
444 1459 519 1491 least.
538 1461 640 1500 Sprot.
658 1463 688 1488 et
705 1455 768 1486 duo
786 1456 895 1485 Burm.
917 1462 990 1483 cum
1007 1450 1086 1486 Erf„
1111 1449 1164 1480 sed
1179 1451 1298 1490 ingentes
1313 1448 1423 1483 accrvi,
1440 1453 1550 1476 monet
1566 1444 1667 1475 Heina

360 1511 431 1547 sius,
447 1518 522 1541 mox
546 1508 788 1548 subsequuntur.
879 1512 951 1542 243.
979 1500 1237 1544 Qotiescunque
1263 1499 1347 1529 hunc
1370 1497 1498 1528 versum
1524 1494 1668 1532 recitavi,

361 1560 596 1596 hemistichium
608 1557 683 1589 sensi
700 1556 861 1598 languere,
875 1561 961 1596 atque
976 1565 1037 1583 oras
1053 1552 1151 1584 ambiit
1168 1563 1248 1588 auro,
1259 1550 1364 1591 itaque
1381 1548 1419 1579 ab
1436 1547 1497 1579 alia
1513 1552 1608 1578 manu
1623 1539 1660 1578 ad

363 1611 555 1655 explendum
578 1609 703 1640 versum
719 1608 872 1638 insertum
897 1604 1068 1636 arbitratus
1081 1603 1159 1634 sum.
1205 1602 1299 1632 Nunc
1324 1600 1419 1631 video
1439 1600 1523 1641 apud
1544 1601 1670 1635 Burm.·,

363 1666 462 1699 etiam
487 1660 685 1697 omnnium,
712 1658 842 1700 quisque
859 1656 911 1688 ille
928 1655 984 1693 est,
1005 1666 1024 1685 a
1039 1665 1135 1688 manu
1152 1653 1273 1685 indocti
1299 1649 1447 1682 monachi
1470 1650 1595 1692 adjeeta
1615 1649 1671 1680 illu.

366 1712 543 1749 credidisse.
586 1709 787 1742 Probabilius
802 1715 909 1740 tamen
926 1707 981 1745 est,
1003 1705 1059 1748 ipsi
1082 1709 1189 1747 po‘etae
1206 1704 1333 1735 versum
1350 1701 1504 1733 excidisse.
1595 1709 1670 1737 2443

366 1768 494 1811 Crastina
509 1766 579 1802 lux3
604 1761 739 1794 deficere
755 1760 805 1791 hic
823 1759 971 1796 verbum,
994 1757 1035 1788 sc.
1054 1757 1166 1794 aderit,
1181 1754 1300 1791 veniet,
1318 1755 1540 1784 Burmannum
1558 1760 1673 1794 putare

367 1817 514 1863 potuisse,
528 1816 628 1847 miror
639 1830 647 1844 ε
670 1824 745 1844 narn
762 1814 878 1854 Longo
895 1817 927 1841 et
944 1810 1014 1841 aliis
1028 1808 1189 1840 veteribus
1202 1805 1428 1837 Grammaticis
1443 1804 1475 1835 id
1492 1804 1674 1835 condonan⁴

369 1873 449 1904 dum
464 1869 520 1906 est,
539 1867 595 1910 qui
616 1866 661 1899 vs.
688 1866 773 1906 sequ.
787 1863 927 1908 spefz‘abis
950 1861 1111 1903 legebant.
1156 1858 1249 1890 verba
1266 1865 1300 1899 p.
1321 1867 1372 1899 pr.
1389 1855 1675 1893 Hamb.—--245.

371 1924 414 1956 R.
438 1923 529 1966 gentis
556 1918 642 1950 Gud.
669 1918 752 1948 Ven.
776 1923 808 1945 et
832 1914 969 1945 Oudart.
1006 1912 1146 1956 spe-fiabis
1173 1909 1296 1941 Medic.
1327 1908 1448 1950 Bigot.‚
1471 1914 1504 1938 et
1530 1907 1569 1938 sic
1596 1907 1678 1938 olim

371 1975 503 2017 quidam
518 1971 677 2013 legerunt,
691 1967 774 1999 inter
789 1975 869 2007 quos
886 1966 1016 2006 Longus
1034 1964 1117 2005 apud
1133 1964 1235 1999 Serv„
1249 1960 1330 1991 male
1347 1959 1413 2001 ipso
1426 1959 1536 1991 Servio
1551 1958 1677 2000 judiceg

372 2034 449 2058 nam
473 2024 565 2066 jung.
588 2019 706 2064 crastina
730 2020 784 2049 lux
800 2016 949 2060 speffabit.
995 2014 1122 2045 Laudat
1148 2014 1260 2044 Burm.
1289 2010 1472 2042 Bentleium
1489 2010 1529 2041 ad
1543 2009 1677 2041 Terent.

373 2079 452 2109 Hec.
467 2077 523 2113 111,
546 2082 576 2111 1,
598 2072 628 2104 6.
663 2070 810 2115 [ρεῐῖαὶιατ
835 2070 960 2109 Hugen.
997 2065 1164 2110 spcfzahant
1181 2064 1254 2094 Exc.
1272 2063 1380 2094 Burni.
1471 2061 1545 2099 246.
1569 2062 1680 2097 altamg

376 2124 540 2161 Montalb.
557 2134 616 2167 pro
637 2121 701 2152 div.
720 2119 792 2150 leet.
808 2123 910 2150 asiam.
999 2125 1070 2154 247.
1094 2116 1167 2146 modo
1184 2112 1324 2144 Dorvill.
1366 2112 1470 2143 undam
1486 2111 1549 2143 duo
1566 2111 1681 2143 Bumn

464 2175 536 2215 248.
558 2184 655 2206 ventos
669 2173 794 2215 seffante
806 2171 834 2214 s.
851 2171 957 2212 Sprot.
1000 2167 1053 2199 Est
1069 2167 1134 2206 ἅμα
1148 2166 1235 2207 πνοιῇς·
1252 2163 1367 2204 ἀνέμοιο.

378 2277 448 2315 Sed
464 2273 569 2313 inhis
582 2272 644 2310 vix
660 2275 778 2321 equites
791 2267 855 2305 effe
872 2275 996 2316 potue·
1060 2262 1178 2305 misso,
1224 2260 1287 2311 qui
1321 2272 1367 2297 ne
1406 2259 1518 2296 castra
1550 2256 1685 2295 intrare

379 2337 463 2366 runt
488 2329 589 2377 (narn
617 2322 757 2359 CCCC
782 2320 917 2369 equites
948 2317 997 2354 E·
1060 2316 1184 2366 posset,
1219 2314 1365 2350 Turnus
1391 2310 1530 2359 objecta
1560 2309 1685 2359 copia-

381 2375 686 2417 vanderetPallas
699 2373 871 2409 dederant
885 2368 999 2413 VIII,-
1063 2380 1140 2403 rum
1161 2372 1261 2416 parte
1279 2362 1442 2401 cavebat*
1496 2360 1579 2397 Nec
1610 2359 1686 2397 dis.

383 2435 473 2484 5¹8·
511 2429 619 2481 519),
651 2424 765 2462 multo
799 2421 916 2459 minus
950 2421 1000 2457 E·
1062 2417 1187 2462 sentit,
1206 2425 1246 2452 ut
1264 2414 1388 2458 viden,
1410 2412 1543 2449 Cerda.
1598 2423 1688 2460 240&

382 2486 497 2533 druſsi,
532 2491 621 2530 quos
655 2474 814 2513 nondum
850 2472 1000 2510 adierat.
1051 2473 1207 2522 jungant
1241 2466 1304 2504 se:
1355 2474 1396 2502 ut
1436 2463 1524 2501 solet
1563 2461 1690 2502 Maro.

386 2535 450 2572 Ad
469 2529 662 2570 artificium
679 2528 801 2576 itaque
826 2523 1004 2562 narratio·
1069 2521 1157 2571 246.
1195 2520 1332 2561 Locus,
1377 2527 1482 2565 quem
1524 2514 1690 2558 laudant,

386 2585 444 2624 nis
459 2594 495 2622 et
511 2581 722 2620 suavitatem
753 2589 798 2614 ex
821 2574 1008 2613 brevitatis
1069 2570 1261 2622 Apollonii
1277 2569 1324 2605 est
1338 2566 1404 2604 lib.
1423 2564 1476 2610 II,
1493 2567 1581 2604 600.
1598 2566 1666 2603 601
1678 2586 1692 2609 9

386 2636 505 2677 studio
547 2634 618 2670 hoc
656 2630 865 2671 referamus,
907 2626 1007 2676 quod
1071 2623 1135 2661 ubi
1154 2622 1320 2659 Minerva
1336 2617 1444 2656 simili
1460 2617 1568 2654 modo
1587 2616 1691 2666 Argo

387 2701 484 2727 nunc
504 2685 596 2724 illud
626 2681 761 2726 innuit,
789 2679 888 2730 quod
902 2677 1008 2715 facile
1073 2675 1113 2712 in
1132 2669 1387 2724 Symplegadas
1404 2667 1591 2706 immiffam
1608 2680 1693 2718 pros

388 2738 550 2789 intelligi
587 2734 724 2786 potest:
768 2728 1010 2769 conscendisse
1073 2726 1203 2765 trudit.
1256 2737 1345 2773 247.
1388 2719 1512 2758 Modus
1541 2732 1615 2756 non
1644 2718 1693 2755 est

391 2791 545 2829 AEneam
577 2797 684 2825 naves
711 2783 749 2822 in
765 2790 872 2834 portu
889 2781 1010 2818 Caere-
1075 2777 1185 2822 ratio,
1205 2775 1333 2813 modus
1349 2769 1569 2823 propellendi
1583 2786 1596 2815 ;
1623 2768 1694 2806 hoc

392 2850 493 2889 tano,
521 2838 686 2892 equitatu
712 2835 755 2875 in
781 2834 906 2876 littore
920 2843 1009 2884 ptae-
1075 2830 1158 2869 effet
1175 2838 1281 2866 tenue
1297 2834 1334 2866 et
1346 2825 1510 2876 jejunum
1528 2821 1569 2860 in
1589 2819 1696 2879 epico

1571 2881 1700 2929 2⁰²1&
