1847 3313
421 277 960 351 AD‘MBRUM
1014 297 1134 356 ΧΠ.
1344 311 1435 373 715·

129 438 228 477 visus
244 438 333 482 sum,
349 438 420 478 alia
434 439 481 477 ad
498 439 613 477 fatum
629 437 812 482 AEneidis,
838 429 1026 490 tamquam
1043 440 1166 491 operis
1185 440 1314 479 ultima
1327 443 1440 480 manu

131 498 231 537 haud
250 499 420 542 absoluti,
452 499 574 542 retuli,
606 499 679 536 alia
696 498 848 537 humani
876 500 1018 552 ingenii
1035 501 1281 540 imbecillitati
1296 503 1438 540 condo-

133 560 254 598 nanda
272 562 342 598 ess'e
359 559 451 598 dixi.
1028 612 1030 614 v

188 621 327 659 Praeter
344 621 421 658 haec
446 629 569 658 tamen
594 618 672 657 sunt
690 619 877 663 nonnulla,
909 627 989 671 quae
1018 619 1152 670 judicii
1175 622 1338 666 laudem,
1365 625 1438 674 quat

132 682 295 720 maxime
325 681 523 719 Maronem
554 679 732 718 excellere
757 682 855 732 'saepe
881 681 1120 732 pronuntiavi
1153 683 1249 733 (vid.
1276 683 1439 735 Disquis.

132 739 212 790 ΙΙ),
239 742 337 780 haud
357 745 487 793 parurn
514 740 707 778 obsc'urare
725 735 912 784 videntur,
938 754 1022 779 cum
1041 741 1152 779 modo
1179 742 1443 793 probabilitate

133 801 389 846 destituantur,
418 801 530 840 modo
550 800 683 839 rationi
701 814 822 839 rerum
836 814 879 839 ac
897 812 1121 851 temporum,
1157 802 1324 855 adeoque
1342 804 1444 843 veri-

134 862 202 901 tati
220 863 409 917 historicae,
428 872 651 914 repugnent.
703 861 758 900 Ut
772 861 982 913 diligentius
1003 875 1046 899 ea
1060 864 1309 907 retraerarem
1325 865 1444 904 movit

134 934 196 959 me
221 922 391 973 inprimis
410 922 509 960 miffa
529 934 646 971 nuper
663 920 713 975 ad*
724 934 783 958 me
801 921 873 959 viri
899 921 1114 965 amiciffimi,
1141 922 1273 971 Jacobi
1290 925 1444 973 Bryanff,

135 992 241 1020 acute
257 982 390 1032 scripta
404 981 603 1020 dissertatio
620 979 665 1017 de
679 980 734 1018 his
754 980 855 1031 ipfis,
874 995 954 1031 quae
964 980 1122 1019 AEneide
1135 982 1230 1019 male
1249 983 1444 1022 constituta

135 1041 229 1079 sunt.
283 1041 474 1080 Subtiliter
492 1040 553 1078 ille
575 1038 813 1090 investigavit
832 1050 891 1086 ea,
917 1039 955 1077 in
971 1040 1100 1090 quibus
1125 1046 1187 1077 aut
1207 1041 1315 1079 fidem
1333 1043 1444 1081 histo-v

134 1101 250 1139 ticam
265 1111 328 1140 aut
347 1098 645 1152 probabilitatem
660 1098 854 1137 desideres.
910 1098 970 1137 Ad
995 1099 1072 1136 haec
1103 1098 1336 1147 potiffimurn,
1364 1110 1444 1141 turrk

137 1162 185 1199 ad
202 1162 275 1200 alia
292 1163 417 1212 paffim
431 1175 453 1199 a
468 1160 556 1199 viris
575 1159 689 1197 doetis
709 1159 974 1203 animadversa,
1002 1159 1161 1214 respeftu
1175 1159 1303 1199 habito
1317 1175 1445 1200 recen-

135 1221 220 1260 sebo
248 1222 412 1274 potiora,
440 1234 483 1260 ae
512 1219 662 1262 videbo,
690 1219 780 1270 quid
799 1219 838 1256 in
858 1219 1008 1270 singulis
1034 1228 1096 1256 aut
1115 1220 1359 1260 excusandum
1380 1225 1445 1261 aut

134 1282 407 1320 defendendum
423 1291 486 1319 aut
505 1279 752 1318 damnandum
771 1279 889 1317 videri
907 1279 1023 1331 possit.

189 1344 397 1392 Antequam
427 1353 512 1378 vero
543 1340 589 1376 ad
616 1339 756 1389 singula·
784 1338 1012 1384 descendam,
1041 1339 1218 1376 monenda
1243 1340 1324 1378 sunt
1351 1355 1448 1379 non-

137 1402 235 1440 nulla
253 1400 428 1442 universe,
456 1412 534 1449 quae
553 1399 598 1434 ad
612 1396 795 1447 judicium
815 1396 911 1434 hisce
929 1397 973 1434 de
1000 1396 1102 1434 rebus
1120 1397 1307 1436 ferendum
1327 1400 1446 1440 facere

135 1460 288 1512 poffunt.
344 1451 471 1497 Fidem
496 1456 701 1495 historicam
732 1464 770 1492 et
803 1455 1091 1505 probabilitatem
1121 1469 1239 1494 rernm
1268 1458 1313 1495 ad
1339 1459 1447 1498 fidem

136 1519 298 1557 fictarum
327 1531 398 1555 non
417 1517 560 1568 prorsus
591 1515 720 1553 iisdem
749 1514 881 1552 finibus
908 1514 1033 1559 teneri,
1066 1527 1086 1551 a
1115 1516 1236 1553 multis
1266 1518 1447 1558 monitum

137 1579 212 1616 est:
238 1589 385 1616 evenere
412 1577 540 1620 multa,
573 1587 654 1625 quae
683 1572 976 1624 probabilitatem
1004 1586 1076 1610 non
1103 1573 1252 1620 habent3
1281 1577 1360 1614 sunt
1376 1580 1448 1617 alia‘

138 1637 355 1688 probabilia,
389 1649 468 1686 quae
485 1633 562 1685 ipso
590 1642 720 1670 eventu
748 1633 980 1683 comprobata
1007 1646 1079 1670 non
1106 1633 1200 1671 sunt.
1255 1636 1383 1681 Porro,
1409 1640 1448 1678 in

138 1695 394 1747 probabilitate
424 1691 638 1743 fingentium
668 1692 715 1727 ad
745 1690 1017 1728 delefflationem
1045 1703 1117 1729 non
1146 1701 1219 1730 tam
1250 1694 1290 1732 id
1319 1698 1448 1747 quaeri3

140 1771 228 1796 num
247 1758 337 1796 nihil
355 1754 523 1794 alicunde
539 1753 625 1791 elici
643 1752 758 1803 pollit,
792 1752 891 1802 quod
910 1765 1026 1790 rerum
1050 1753 1216 1791 ordinem
1235 1765 1271 1792 et
1298 1758 1450 1797 modum·

142 1826 300 1862 evertat3
330 1817 383 1855 ita
401 1814 497 1852 enim
517 1812 634 1851 omnis
668 1811 806 1848 sublata
840 1820 876 1848 et
903 1811 1000 1849 fieriu
1027 1821 1063 1849 et
1087 1825 1133 1849 ex
1159 1825 1201 1850 ea
1231 1815 1447 1858 delectatio:

141 1884 266 1915 ,cerum
298 1886 339 1914 ut
367 1874 462 1912 nihil
493 1872 550 1915 fit,
586 1870 683 1921 quod
713 1869 849 1920 legenti
877 1871 935 1907 vel
968 1871 1130 1909 audienti
1159 1874 1357 1923 succurrat,
1389 1887 1452 1916 aut

142 1935 327 1987 scriptoris
343 1933 437 1972 vitio
469 1929 682 1980 objiciatur,
708 1927 809 1978 quod
833 1927 1024 1966 admonere
1057 1931 1173 1981 poffit‚
1204 1933 1366 1974 fraudem
1397 1937 1454 1975 his

142 1994 288 2040 subesse,
313 2005 377 2030 nec
407 1991 494 2033 hoc,
511 2002 583 2041 quo
608 1987 809 2039 expositum
840 1997 931 2033 erat,
959 1989 1070 2026 modo
1087 2001 1140 2028 res
1158 2002 1221 2029 aut
1247 1995 1357 2044 gestas
1386 1996 1454 2035 effe*

141 2064 203 2092 aut
220 2055 298 2105 geri
322 2052 484 2105 potuisse.
540 2046 696 2086 Nullum
715 2048 822 2085 facire
839 2049 886 2086 est
904 2059 965 2086 aut
982 2050 1048 2088 effe
1066 2053 1176 2101 potest
1194 2053 1301 2092 ullius
1319 2056 1452 2106 operis,

142 2117 244 2165 quod
271 2112 457 2164 ingenium
473 2110 671 2146 humanum
691 2107 842 2158 peperit,
873 2107 1042 2159 inprimis
1058 2109 1152 2159 epici
1169 2112 1225 2149 vel
1241 2113 1452 2160 dramatici,-

141 2183 392 2224 argumentum
430 2171 481 2207 ita
512 2177 772 2218 comparatum,
804 2165 891 2217 quin
923 2167 1031 2204 insint
1061 2171 1246 2216 nonnulla,
1280 2186 1359 2223 quae
1386 2187 1452 2212 nec

143 2232 287 2271 tractari
322 2232 413 2270 bene
448 2243 511 2268 nec
546 2228 683 2265 summa
720 2236 794 2264 arte
829 2227 982 2283 trafiata
1016 2228 1130 2266 nitere
1169 2229 1252 2268 satis
1298 2233 1451 2282 possunt.-

144 2290 324 2329 Omittete
343 2289 405 2328 illa
421 2288 630 2326 tutiffimum
647 2285 710 2330 est,
729 2294 804 2331 aut,
828 2285 854 2321 si
871 2284 995 2322 omitti
1021 2298 1214 2337 nequeunt,
1244 2283 1317 2327 levi
1344 2299 1452 2329 manu

143 2351 310 2394 maflare,
339 2358 401 2386 aut
437 2344 656 2384 ornamentis
686 2355 847 2388 onerare,
875 2353 936 2380 aut
964 2357 1174 2397 quacunque
1203 2348 1275 2385 alia
1302 2349 1361 2386 via
1389 2350 1456 2387 ob-

145 2410 258 2447 linere
289 2409 352 2446 illa
381 2416 416 2444 et
446 2405 649 2444 obscurare.
704 2402 766 2440 Ad
794 2407 909 2453 poetae
936 2403 1057 2454 itaque
1083 2415 1194 2443 artem
1223 2406 1356 2457 spefiat
1382 2410 1453 2447 hoc

146 2471 203 2507 vel
223 2469 395 2512 maxime,
414 2477 468 2512 ut,
485 2480 564 2516 quae
590 2473 792 2501 narrantem
821 2462 854 2500 se
881 2473 1058 2514 premant,
1075 2477 1118 2501 cx
1137 2465 1319 2517 adspecim
1338 2467 1454 2513 sensu,

145 2537 183 2567 et
202 2526 376 2564 memoria
392 2524 589 2577 legentium
619 2530 798 2559 removeat
825 2521 1019 2572 seduloque
1049 2532 1163 2568 curet,
1191 2537 1235 2561 ne
1266 2524 1320 2568 id,
1353 2527 1453 2577 quod

146 2585 352 2637 argumenti
381 2585 419 2623 in
452 2581 635 2621 nonnullis
668 2579 762 2617 forte
791 2579 992 2616 vacillantis
1023 2592 1148 2618 natura
1178 2592 1213 2619 et
1246 2585 1356 2629 ratio,
1392 2596 1455 2625 aut

147 2657 349 2696 temporum
368 2654 557 2692 rerumque
583 2638 770 2682 memoria,
800 2637 945 2688 ipsaque
972 2638 1197 2678 historiarum
1216 2641 1360 2685 veritas,
1391 2658 1454 2695 pa.>

150 2713 229 2742 rum
247 2703 431 2741 commodi
448 2702 570 2744 habet,
598 2698 734 2736 sensum
753 2699 903 2748 legentis
931 2709 1073 2750 repente
1100 2699 1203 2737 feriat
1227 2711 1262 2737 et
1289 2703 1456 2754 volupta-

152 2774 262 2804 tatem
281 2762 497 2815 interpellet,
511 2773 595 2816 >qua
613 2757 784 2797 delinitus
811 2757 903 2796 nihil
921 2766 1039 2803 curat,
1054 2756 1144 2796 nihil
1163 2759 1208 2797 ad
1226 2758 1259 2797 se
1276 2761 1457 2811 pertinere

1339 2831 1459 2873 putat,
