<?xml version="1.0" encoding="UTF-8"?>
<!DOCTYPE html PUBLIC "-//W3C//DTD XHTML 1.0 Transitional//EN"
    "http://www.w3.org/TR/xhtml1/DTD/xhtml1-transitional.dtd">
<html xmlns="http://www.w3.org/1999/xhtml" xml:lang="en" lang="en">
 <head>
  <title>
</title>
<meta http-equiv="Content-Type" content="text/html;charset=utf-8" />
  <meta name='ocr-system' content='tesseract 3.04.00' />
  <meta name='ocr-capabilities' content='ocr_page ocr_carea ocr_par ocr_line ocrx_word'/>
</head>
<body>
  <div class='ocr_page' id='page_1' title='image "./operavarietatele03virguoft/operavarietatele03virguoft_0398.png"; bbox 0 0 1847 3313; ppageno 0'>
   <div class='ocr_carea' id='block_1_1' title="bbox 414 299 1535 377">
    <p class='ocr_par' dir='ltr' id='par_1_1' title="bbox 414 299 1535 377">
     <span class='ocr_line' id='line_1_1' title="bbox 414 299 1535 377; baseline -0.012 -15"><span class='ocrx_word' id='word_1_1' title='bbox 414 317 511 377; x_wconf 75' lang='lat'>380</span> <span class='ocrx_word' id='word_1_2' title='bbox 624 302 1093 358; x_wconf 88' lang='lat' dir='ltr'>P.VIRG1LII</span> <span class='ocrx_word' id='word_1_3' title='bbox 1143 299 1535 348; x_wconf 89' lang='lat' dir='ltr'>MARONIS</span> 
     </span>
    </p>
   </div>
   <div class='ocr_carea' id='block_1_2' title="bbox 421 445 1713 471">
    <p class='ocr_par' dir='ltr' id='par_1_2' title="bbox 421 445 1713 471">
     <span class='ocr_line' id='line_1_2' title="bbox 421 445 1713 471; baseline 0 2842"><span class='ocrx_word' id='word_1_4' title='bbox 421 445 1713 471; x_wconf 95' lang='lat' dir='ltr'> </span> 
     </span>
    </p>
   </div>
   <div class='ocr_carea' id='block_1_3' title="bbox 423 472 669 482">
    <p class='ocr_par' dir='ltr' id='par_1_3' title="bbox 423 472 669 482">
     <span class='ocr_line' id='line_1_3' title="bbox 423 472 669 482; baseline 0 2831"><span class='ocrx_word' id='word_1_5' title='bbox 423 472 669 482; x_wconf 95' lang='lat' dir='ltr'> </span> 
     </span>
    </p>
   </div>
   <div class='ocr_carea' id='block_1_4' title="bbox 463 543 1681 623">
    <p class='ocr_par' dir='ltr' id='par_1_4' title="bbox 463 543 1681 623">
     <span class='ocr_line' id='line_1_4' title="bbox 463 543 1681 623; baseline -0.009 -9"><span class='ocrx_word' id='word_1_6' title='bbox 463 549 900 623; x_wconf 80' lang='lat' dir='ltr'>AENEIDOS‚</span> <span class='ocrx_word' id='word_1_7' title='bbox 951 545 1220 609; x_wconf 86' lang='lat' dir='ltr'>LIBER</span> <span class='ocrx_word' id='word_1_8' title='bbox 1269 543 1681 604; x_wconf 70' lang='lat' dir='ltr'>DECJMUS.</span> 
     </span>
    </p>
   </div>
   <div class='ocr_carea' id='block_1_5' title="bbox 765 666 1389 683">
    <p class='ocr_par' dir='ltr' id='par_1_5' title="bbox 765 666 1389 683">
     <span class='ocr_line' id='line_1_5' title="bbox 765 666 1389 683; baseline 0 2630"><span class='ocrx_word' id='word_1_9' title='bbox 765 666 1389 683; x_wconf 95' lang='lat' dir='ltr'> </span> 
     </span>
    </p>
   </div>
   <div class='ocr_carea' id='block_1_6' title="bbox 418 725 1728 813">
    <p class='ocr_par' dir='ltr' id='par_1_6' title="bbox 418 725 1728 813">
     <span class='ocr_line' id='line_1_6' title="bbox 418 725 1728 813; baseline -0.005 -12"><span class='ocrx_word' id='word_1_10' title='bbox 418 725 720 802; x_wconf 79' lang='lat' dir='ltr'>PANDITUR</span> <span class='ocrx_word' id='word_1_11' title='bbox 743 756 921 803; x_wconf 78' lang='lat' dir='ltr'>interea</span> <span class='ocrx_word' id='word_1_12' title='bbox 943 755 1113 801; x_wconf 87' lang='lat' dir='ltr'>domus</span> <span class='ocrx_word' id='word_1_13' title='bbox 1137 749 1481 813; x_wconf 82' lang='lat' dir='ltr'>omnipotentis</span> <span class='ocrx_word' id='word_1_14' title='bbox 1512 748 1728 811; x_wconf 88' lang='lat' dir='ltr'>Olympi,</span> 
     </span>
    </p>
   </div>
   <div class='ocr_carea' id='block_1_7' title="bbox 420 863 1755 2660">
    <p class='ocr_par' dir='ltr' id='par_1_7' title="bbox 420 863 1755 2660">
     <span class='ocr_line' id='line_1_7' title="bbox 465 863 1730 918; baseline -0.009 -12"><span class='ocrx_word' id='word_1_15' title='bbox 465 882 493 906; x_wconf 88' lang='lat'>1.</span> <span class='ocrx_word' id='word_1_16' title='bbox 519 878 645 907; x_wconf 83' lang='lat' dir='ltr'>Vexata</span> <span class='ocrx_word' id='word_1_17' title='bbox 662 875 767 908; x_wconf 77' lang='lat' dir='ltr'>statim</span> <span class='ocrx_word' id='word_1_18' title='bbox 791 876 822 908; x_wconf 85' lang='lat' dir='ltr'>in</span> <span class='ocrx_word' id='word_1_19' title='bbox 839 876 903 918; x_wconf 90' lang='lat' dir='ltr'>ipsa</span> <span class='ocrx_word' id='word_1_20' title='bbox 920 875 1030 907; x_wconf 87' lang='lat' dir='ltr'>fronte</span> <span class='ocrx_word' id='word_1_21' title='bbox 1046 874 1183 905; x_wconf 83' lang='lat' dir='ltr'>occurrit</span> <span class='ocrx_word' id='word_1_22' title='bbox 1199 872 1295 904; x_wconf 69' lang='lat' dir='ltr'>leffio</span> <span class='ocrx_word' id='word_1_23' title='bbox 1311 873 1494 915; x_wconf 82' lang='lat' dir='ltr'>omnipotentis</span> <span class='ocrx_word' id='word_1_24' title='bbox 1512 868 1631 911; x_wconf 74' lang='lat' dir='ltr'>Olympi.</span> <span class='ocrx_word' id='word_1_25' title='bbox 1677 863 1730 896; x_wconf 85' lang='lat' dir='ltr'>Li-</span> 
     </span>
     <span class='ocr_line' id='line_1_8' title="bbox 420 920 1731 966; baseline -0.002 -12"><span class='ocrx_word' id='word_1_26' title='bbox 420 923 552 957; x_wconf 86' lang='lat' dir='ltr'>brorum</span> <span class='ocrx_word' id='word_1_27' title='bbox 569 938 605 957; x_wconf 85' lang='lat' dir='ltr'>ea</span> <span class='ocrx_word' id='word_1_28' title='bbox 626 926 691 958; x_wconf 86' lang='lat' dir='ltr'>fere</span> <span class='ocrx_word' id='word_1_29' title='bbox 708 928 854 959; x_wconf 87' lang='lat' dir='ltr'>omnium</span> <span class='ocrx_word' id='word_1_30' title='bbox 878 927 1080 961; x_wconf 56' lang='lat' dir='ltr'>anoton-itate,</span> <span class='ocrx_word' id='word_1_31' title='bbox 1096 925 1192 956; x_wconf 83' lang='lat' dir='ltr'>etiam</span> <span class='ocrx_word' id='word_1_32' title='bbox 1219 921 1429 966; x_wconf 62' lang='lat' dir='ltr'>Qinffiliani</span> <span class='ocrx_word' id='word_1_33' title='bbox 1447 922 1470 952; x_wconf 92' lang='lat'>1.</span> <span class='ocrx_word' id='word_1_34' title='bbox 1491 921 1531 951; x_wconf 90' lang='grc' dir='ltr'>Ο.</span> <span class='ocrx_word' id='word_1_35' title='bbox 1554 920 1611 955; x_wconf 84' lang='grc' dir='ltr'>ΙΧ,</span> <span class='ocrx_word' id='word_1_36' title='bbox 1635 928 1667 955; x_wconf 81' lang='lat'>4,</span> <span class='ocrx_word' id='word_1_37' title='bbox 1689 923 1731 955; x_wconf 84' lang='lat'>49</span> 
     </span>
     <span class='ocr_line' id='line_1_9' title="bbox 422 970 1733 1022; baseline -0.008 -16"><span class='ocrx_word' id='word_1_38' title='bbox 422 977 532 1016; x_wconf 82' lang='lat' dir='ltr'>(Lcid.</span> <span class='ocrx_word' id='word_1_39' title='bbox 550 980 759 1022; x_wconf 81' lang='lat' dir='ltr'>omnipudcntis,</span> <span class='ocrx_word' id='word_1_40' title='bbox 773 986 809 1010; x_wconf 87' lang='lat' dir='ltr'>ut</span> <span class='ocrx_word' id='word_1_41' title='bbox 826 978 891 1009; x_wconf 77' lang='lat' dir='ltr'>fere</span> <span class='ocrx_word' id='word_1_42' title='bbox 908 978 1040 1018; x_wconf 82' lang='lat' dir='ltr'><strong>semper,</strong></span> <span class='ocrx_word' id='word_1_43' title='bbox 1056 976 1143 1006; x_wconf 75' lang='lat' dir='ltr'>addit</span> <span class='ocrx_word' id='word_1_44' title='bbox 1160 976 1303 1016; x_wconf 50' lang='lat' dir='ltr'>Eurum).</span> <span class='ocrx_word' id='word_1_45' title='bbox 1318 973 1445 1004; x_wconf 83' lang='lat' dir='ltr'>firmata</span> <span class='ocrx_word' id='word_1_46' title='bbox 1461 970 1523 1001; x_wconf 84' lang='lat' dir='ltr'>est:</span> <span class='ocrx_word' id='word_1_47' title='bbox 1552 980 1608 1000; x_wconf 74' lang='lat' dir='ltr'>nec</span> <span class='ocrx_word' id='word_1_48' title='bbox 1622 975 1733 998; x_wconf 87' lang='lat' dir='ltr'>tamen</span> 
     </span>
     <span class='ocr_line' id='line_1_10' title="bbox 420 1018 1735 1070; baseline -0.005 -9"><span class='ocrx_word' id='word_1_49' title='bbox 420 1027 495 1061; x_wconf 74' lang='lat' dir='ltr'>satis</span> <span class='ocrx_word' id='word_1_50' title='bbox 511 1030 787 1061; x_wconf 80' lang='lat' dir='ltr'>accommodatum</span> <span class='ocrx_word' id='word_1_51' title='bbox 804 1031 931 1062; x_wconf 81' lang='lat' dir='ltr'>videtur</span> <span class='ocrx_word' id='word_1_52' title='bbox 955 1029 1097 1070; x_wconf 85' lang='lat' dir='ltr'>Olympo</span> <span class='ocrx_word' id='word_1_53' title='bbox 1114 1027 1175 1058; x_wconf 89' lang='lat' dir='ltr'>hoc</span> <span class='ocrx_word' id='word_1_54' title='bbox 1192 1026 1370 1068; x_wconf 80' lang='lat' dir='ltr'>epitheton,</span> <span class='ocrx_word' id='word_1_55' title='bbox 1399 1023 1483 1064; x_wconf 87' lang='lat' dir='ltr'>quod</span> <span class='ocrx_word' id='word_1_56' title='bbox 1500 1021 1626 1064; x_wconf 76' lang='lat' dir='ltr'>proprie</span> <span class='ocrx_word' id='word_1_57' title='bbox 1644 1018 1735 1063; x_wconf 71' lang='lat' dir='ltr'>JOVis</span> 
     </span>
     <span class='ocr_line' id='line_1_11' title="bbox 422 1073 1731 1123; baseline -0.008 -12"><span class='ocrx_word' id='word_1_58' title='bbox 422 1079 478 1111; x_wconf 80' lang='lat' dir='ltr'>est.</span> <span class='ocrx_word' id='word_1_59' title='bbox 526 1081 624 1112; x_wconf 85' lang='lat' dir='ltr'>Fuere</span> <span class='ocrx_word' id='word_1_60' title='bbox 650 1081 757 1122; x_wconf 81' lang='lat' dir='ltr'>itaque</span> <span class='ocrx_word' id='word_1_61' title='bbox 785 1082 877 1119; x_wconf 89' lang='lat' dir='ltr'>olim,</span> <span class='ocrx_word' id='word_1_62' title='bbox 906 1081 960 1123; x_wconf 89' lang='lat' dir='ltr'>qui</span> <span class='ocrx_word' id='word_1_63' title='bbox 989 1081 1166 1121; x_wconf 84' lang='lat' dir='ltr'>Olympum</span> <span class='ocrx_word' id='word_1_64' title='bbox 1195 1089 1253 1120; x_wconf 85' lang='lat' dir='ltr'>pro</span> <span class='ocrx_word' id='word_1_65' title='bbox 1282 1080 1363 1119; x_wconf 77' lang='lat' dir='ltr'>Jove</span> <span class='ocrx_word' id='word_1_66' title='bbox 1385 1075 1507 1107; x_wconf 69' lang='lat' dir='ltr'>dicstum</span> <span class='ocrx_word' id='word_1_67' title='bbox 1534 1073 1731 1114; x_wconf 78' lang='lat' dir='ltr'>acciperent3</span> 
     </span>
     <span class='ocr_line' id='line_1_12' title="bbox 422 1123 1734 1175; baseline -0.008 -12"><span class='ocrx_word' id='word_1_68' title='bbox 422 1130 477 1163; x_wconf 80' lang='lat' dir='ltr'>alii</span> <span class='ocrx_word' id='word_1_69' title='bbox 490 1131 544 1172; x_wconf 83' lang='lat' dir='ltr'>qui</span> <span class='ocrx_word' id='word_1_70' title='bbox 561 1132 688 1175; x_wconf 73' lang='lat' dir='ltr'>Olympia</span> <span class='ocrx_word' id='word_1_71' title='bbox 705 1132 923 1170; x_wconf 79' lang='lat' dir='ltr'>emendarent,</span> <span class='ocrx_word' id='word_1_72' title='bbox 940 1132 991 1162; x_wconf 80' lang='lat' dir='ltr'>alii</span> <span class='ocrx_word' id='word_1_73' title='bbox 1009 1132 1061 1173; x_wconf 81' lang='lat' dir='ltr'>qui</span> <span class='ocrx_word' id='word_1_74' title='bbox 1074 1123 1261 1173; x_wconf 35' lang='lat' dir='ltr'>OlympI‘pro</span> <span class='ocrx_word' id='word_1_75' title='bbox 1278 1127 1423 1169; x_wconf 69' lang='lat' dir='ltr'>Olympii</span> <span class='ocrx_word' id='word_1_76' title='bbox 1439 1126 1590 1167; x_wconf 82' lang='lat' dir='ltr'>scriptum</span> <span class='ocrx_word' id='word_1_77' title='bbox 1602 1124 1734 1160; x_wconf 82' lang='lat' dir='ltr'>vellent,</span> 
     </span>
     <span class='ocr_line' id='line_1_13' title="bbox 423 1176 1734 1223; baseline -0.008 -9"><span class='ocrx_word' id='word_1_78' title='bbox 423 1181 486 1214; x_wconf 73' lang='lat' dir='ltr'>hoc</span> <span class='ocrx_word' id='word_1_79' title='bbox 497 1181 607 1223; x_wconf 84' lang='lat' dir='ltr'>utique</span> <span class='ocrx_word' id='word_1_80' title='bbox 618 1192 682 1213; x_wconf 88' lang='lat' dir='ltr'>non</span> <span class='ocrx_word' id='word_1_81' title='bbox 697 1183 780 1214; x_wconf 80' lang='lat' dir='ltr'>male</span> <span class='ocrx_word' id='word_1_82' title='bbox 794 1193 802 1214; x_wconf 75' lang='lat' dir='ltr'>z</span> <span class='ocrx_word' id='word_1_83' title='bbox 830 1183 886 1214; x_wconf 87' lang='lat' dir='ltr'>nifi</span> <span class='ocrx_word' id='word_1_84' title='bbox 901 1182 980 1214; x_wconf 85' lang='lat' dir='ltr'>alter</span> <span class='ocrx_word' id='word_1_85' title='bbox 996 1182 1083 1213; x_wconf 83' lang='lat' dir='ltr'>locus</span> <span class='ocrx_word' id='word_1_86' title='bbox 1098 1180 1173 1211; x_wconf 74' lang='lat' dir='ltr'>esset</span> <span class='ocrx_word' id='word_1_87' title='bbox 1190 1181 1265 1217; x_wconf 86' lang='lat' dir='ltr'><strong>XII,</strong></span> <span class='ocrx_word' id='word_1_88' title='bbox 1283 1188 1340 1220; x_wconf 90' lang='lat'>791</span> <span class='ocrx_word' id='word_1_89' title='bbox 1355 1190 1405 1210; x_wconf 80' lang='lat' dir='ltr'>rex</span> <span class='ocrx_word' id='word_1_90' title='bbox 1421 1179 1603 1220; x_wconf 77' lang='lat' dir='ltr'>omnipotentis</span> <span class='ocrx_word' id='word_1_91' title='bbox 1615 1176 1734 1217; x_wconf 52' lang='lat' dir='ltr'>ogympi.</span> 
     </span>
     <span class='ocr_line' id='line_1_14' title="bbox 426 1227 1737 1278; baseline -0.006 -14"><span class='ocrx_word' id='word_1_92' title='bbox 426 1234 503 1265; x_wconf 80' lang='lat' dir='ltr'>Inde</span> <span class='ocrx_word' id='word_1_93' title='bbox 531 1235 692 1266; x_wconf 81' lang='lat' dir='ltr'>emendari</span> <span class='ocrx_word' id='word_1_94' title='bbox 719 1244 858 1278; x_wconf 83' lang='lat' dir='ltr'>coeptum</span> <span class='ocrx_word' id='word_1_95' title='bbox 885 1236 956 1266; x_wconf 85' lang='lat' dir='ltr'>est:</span> <span class='ocrx_word' id='word_1_96' title='bbox 991 1236 1194 1278; x_wconf 81' lang='lat' dir='ltr'>omnipatentis.</span> <span class='ocrx_word' id='word_1_97' title='bbox 1238 1231 1367 1274; x_wconf 83' lang='lat' dir='ltr'>Egnatii</span> <span class='ocrx_word' id='word_1_98' title='bbox 1392 1241 1428 1262; x_wconf 83' lang='lat' dir='ltr'>ea</span> <span class='ocrx_word' id='word_1_99' title='bbox 1458 1230 1501 1261; x_wconf 76' lang='lat' dir='ltr'>est</span> <span class='ocrx_word' id='word_1_100' title='bbox 1532 1227 1737 1264; x_wconf 80' lang='lat' dir='ltr'>emendatio;</span> 
     </span>
     <span class='ocr_line' id='line_1_15' title="bbox 426 1279 1739 1327; baseline -0.005 -11"><span class='ocrx_word' id='word_1_101' title='bbox 426 1283 522 1326; x_wconf 79' lang='lat' dir='ltr'>idque</span> <span class='ocrx_word' id='word_1_102' title='bbox 539 1285 577 1316; x_wconf 83' lang='lat' dir='ltr'>ab</span> <span class='ocrx_word' id='word_1_103' title='bbox 594 1285 743 1318; x_wconf 84' lang='lat' dir='ltr'>Ascenfio</span> <span class='ocrx_word' id='word_1_104' title='bbox 760 1296 907 1318; x_wconf 84' lang='lat' dir='ltr'>notatum</span> <span class='ocrx_word' id='word_1_105' title='bbox 937 1285 1043 1324; x_wconf 87' lang='lat' dir='ltr'>video,</span> <span class='ocrx_word' id='word_1_106' title='bbox 1073 1285 1127 1327; x_wconf 88' lang='lat' dir='ltr'>qui</span> <span class='ocrx_word' id='word_1_107' title='bbox 1153 1295 1224 1316; x_wconf 89' lang='lat' dir='ltr'>eam</span> <span class='ocrx_word' id='word_1_108' title='bbox 1251 1283 1414 1325; x_wconf 83' lang='lat' dir='ltr'>amplexus</span> <span class='ocrx_word' id='word_1_109' title='bbox 1439 1280 1503 1312; x_wconf 88' lang='lat' dir='ltr'>est:</span> <span class='ocrx_word' id='word_1_110' title='bbox 1529 1280 1669 1321; x_wconf 79' lang='lat' dir='ltr'>adeoque</span> <span class='ocrx_word' id='word_1_111' title='bbox 1693 1279 1739 1310; x_wconf 74' lang='lat' dir='ltr'>ita</span> 
     </span>
     <span class='ocr_line' id='line_1_16' title="bbox 426 1331 1740 1377; baseline -0.005 -11"><span class='ocrx_word' id='word_1_112' title='bbox 426 1335 546 1377; x_wconf 78' lang='lat' dir='ltr'>legitur</span> <span class='ocrx_word' id='word_1_113' title='bbox 561 1335 593 1367; x_wconf 88' lang='lat' dir='ltr'>in</span> <span class='ocrx_word' id='word_1_114' title='bbox 611 1337 691 1368; x_wconf 86' lang='lat' dir='ltr'><strong>Edd.</strong></span> <span class='ocrx_word' id='word_1_115' title='bbox 709 1338 913 1369; x_wconf 80' lang='lat' dir='ltr'>Ascenfianis.</span> <span class='ocrx_word' id='word_1_116' title='bbox 958 1339 993 1368; x_wconf 87' lang='lat' dir='ltr'>In</span> <span class='ocrx_word' id='word_1_117' title='bbox 1010 1336 1048 1367; x_wconf 85' lang='lat' dir='ltr'>iis</span> <span class='ocrx_word' id='word_1_118' title='bbox 1067 1345 1175 1367; x_wconf 82' lang='lat' dir='ltr'>tamen</span> <span class='ocrx_word' id='word_1_119' title='bbox 1193 1333 1435 1375; x_wconf 72' lang='lat' dir='ltr'>exemplaribuS,</span> <span class='ocrx_word' id='word_1_120' title='bbox 1459 1343 1528 1374; x_wconf 80' lang='lat' dir='ltr'>quae</span> <span class='ocrx_word' id='word_1_121' title='bbox 1546 1331 1585 1362; x_wconf 88' lang='lat' dir='ltr'>ab</span> <span class='ocrx_word' id='word_1_122' title='bbox 1602 1331 1740 1372; x_wconf 83' lang='lat' dir='ltr'>Egnatio</span> 
     </span>
     <span class='ocr_line' id='line_1_17' title="bbox 427 1383 1744 1429; baseline -0.004 -12"><span class='ocrx_word' id='word_1_123' title='bbox 427 1386 605 1418; x_wconf 81' lang='lat' dir='ltr'>emendatae</span> <span class='ocrx_word' id='word_1_124' title='bbox 632 1386 779 1420; x_wconf 88' lang='lat' dir='ltr'>feruntur</span> <span class='ocrx_word' id='word_1_125' title='bbox 805 1388 970 1429; x_wconf 83' lang='lat' dir='ltr'>(habemus</span> <span class='ocrx_word' id='word_1_126' title='bbox 995 1388 1028 1419; x_wconf 90' lang='lat' dir='ltr'>in</span> <span class='ocrx_word' id='word_1_127' title='bbox 1054 1387 1201 1418; x_wconf 86' lang='lat' dir='ltr'>manibus</span> <span class='ocrx_word' id='word_1_128' title='bbox 1231 1386 1331 1428; x_wconf 85' lang='lat' dir='ltr'>ipsam</span> <span class='ocrx_word' id='word_1_129' title='bbox 1362 1384 1539 1426; x_wconf 82' lang='lat' dir='ltr'>principem</span> <span class='ocrx_word' id='word_1_130' title='bbox 1564 1383 1744 1418; x_wconf 61' lang='lat' dir='ltr'>editionem,</span> 
     </span>
     <span class='ocr_line' id='line_1_18' title="bbox 430 1435 1741 1484; baseline -0.004 -14"><span class='ocrx_word' id='word_1_131' title='bbox 430 1441 541 1482; x_wconf 82' lang='lat'>1507),</span> <span class='ocrx_word' id='word_1_132' title='bbox 556 1451 592 1470; x_wconf 87' lang='lat' dir='ltr'>ea</span> <span class='ocrx_word' id='word_1_133' title='bbox 607 1439 703 1471; x_wconf 66' lang='lat' dir='ltr'>leetio</span> <span class='ocrx_word' id='word_1_134' title='bbox 719 1451 783 1472; x_wconf 90' lang='lat' dir='ltr'>non</span> <span class='ocrx_word' id='word_1_135' title='bbox 802 1441 971 1484; x_wconf 83' lang='lat' dir='ltr'>reperitur.</span> <span class='ocrx_word' id='word_1_136' title='bbox 1019 1441 1141 1471; x_wconf 83' lang='lat' dir='ltr'>Notata</span> <span class='ocrx_word' id='word_1_137' title='bbox 1156 1447 1264 1470; x_wconf 87' lang='lat' dir='ltr'>tamen</span> <span class='ocrx_word' id='word_1_138' title='bbox 1282 1437 1325 1469; x_wconf 84' lang='lat' dir='ltr'>est</span> <span class='ocrx_word' id='word_1_139' title='bbox 1342 1436 1396 1468; x_wconf 88' lang='lat' dir='ltr'>illa</span> <span class='ocrx_word' id='word_1_140' title='bbox 1416 1436 1447 1466; x_wconf 83' lang='lat' dir='ltr'>in</span> <span class='ocrx_word' id='word_1_141' title='bbox 1465 1435 1590 1478; x_wconf 84' lang='lat' dir='ltr'>praefat.</span> <span class='ocrx_word' id='word_1_142' title='bbox 1636 1435 1741 1466; x_wconf 82' lang='lat' dir='ltr'>Habet</span> 
     </span>
     <span class='ocr_line' id='line_1_19' title="bbox 429 1487 1740 1532; baseline -0.002 -11"><span class='ocrx_word' id='word_1_143' title='bbox 429 1500 501 1521; x_wconf 81' lang='lat' dir='ltr'>eam</span> <span class='ocrx_word' id='word_1_144' title='bbox 518 1490 638 1522; x_wconf 87' lang='lat' dir='ltr'>Hamb.</span> <span class='ocrx_word' id='word_1_145' title='bbox 662 1491 720 1523; x_wconf 85' lang='lat' dir='ltr'>sec.</span> <span class='ocrx_word' id='word_1_146' title='bbox 746 1504 764 1522; x_wconf 88' lang='lat' dir='ltr'>a</span> <span class='ocrx_word' id='word_1_147' title='bbox 779 1492 837 1523; x_wconf 91' lang='lat' dir='ltr'>sec.</span> <span class='ocrx_word' id='word_1_148' title='bbox 854 1503 909 1529; x_wconf 89' lang='lat' dir='ltr'>m.,</span> <span class='ocrx_word' id='word_1_149' title='bbox 933 1502 1067 1532; x_wconf 79' lang='lat' dir='ltr'>eamque</span> <span class='ocrx_word' id='word_1_150' title='bbox 1084 1490 1117 1521; x_wconf 88' lang='lat' dir='ltr'>in</span> <span class='ocrx_word' id='word_1_151' title='bbox 1134 1490 1226 1521; x_wconf 84' lang='lat' dir='ltr'>fimili</span> <span class='ocrx_word' id='word_1_152' title='bbox 1243 1489 1312 1520; x_wconf 89' lang='lat' dir='ltr'>loco</span> <span class='ocrx_word' id='word_1_153' title='bbox 1336 1487 1474 1518; x_wconf 75' lang='lat' dir='ltr'>vidImus</span> <span class='ocrx_word' id='word_1_154' title='bbox 1488 1487 1556 1528; x_wconf 87' lang='lat' dir='ltr'>sup.</span> <span class='ocrx_word' id='word_1_155' title='bbox 1585 1487 1642 1523; x_wconf 81' lang='lat' dir='ltr'>Vl,</span> <span class='ocrx_word' id='word_1_156' title='bbox 1661 1495 1740 1527; x_wconf 77' lang='lat'>595.</span> 
     </span>
     <span class='ocr_line' id='line_1_20' title="bbox 430 1538 1742 1584; baseline -0.003 -12"><span class='ocrx_word' id='word_1_157' title='bbox 430 1543 555 1572; x_wconf 83' lang='lat' dir='ltr'>Verum</span> <span class='ocrx_word' id='word_1_158' title='bbox 572 1552 590 1572; x_wconf 84' lang='lat' dir='ltr'>a</span> <span class='ocrx_word' id='word_1_159' title='bbox 607 1545 706 1584; x_wconf 68' lang='lat' dir='ltr'>poeta</span> <span class='ocrx_word' id='word_1_160' title='bbox 722 1543 775 1575; x_wconf 79' lang='lat' dir='ltr'>vix</span> <span class='ocrx_word' id='word_1_161' title='bbox 791 1543 918 1575; x_wconf 84' lang='lat' dir='ltr'>videtur</span> <span class='ocrx_word' id='word_1_162' title='bbox 934 1542 1079 1583; x_wconf 81' lang='lat' dir='ltr'>adoptari</span> <span class='ocrx_word' id='word_1_163' title='bbox 1108 1540 1244 1583; x_wconf 74' lang='lat' dir='ltr'>potuisse</span> <span class='ocrx_word' id='word_1_164' title='bbox 1269 1539 1329 1570; x_wconf 91' lang='lat' dir='ltr'>hoc</span> <span class='ocrx_word' id='word_1_165' title='bbox 1356 1539 1486 1580; x_wconf 87' lang='lat' dir='ltr'>quidem</span> <span class='ocrx_word' id='word_1_166' title='bbox 1502 1538 1535 1569; x_wconf 90' lang='lat' dir='ltr'>in</span> <span class='ocrx_word' id='word_1_167' title='bbox 1562 1538 1643 1575; x_wconf 89' lang='lat' dir='ltr'>loco,</span> <span class='ocrx_word' id='word_1_168' title='bbox 1668 1548 1742 1569; x_wconf 87' lang='lat' dir='ltr'>cum</span> 
     </span>
     <span class='ocr_line' id='line_1_21' title="bbox 425 1589 1745 1636; baseline -0.002 -13"><span class='ocrx_word' id='word_1_169' title='bbox 425 1592 570 1636; x_wconf 79' lang='lat' dir='ltr'>panditur</span> <span class='ocrx_word' id='word_1_170' title='bbox 596 1593 809 1634; x_wconf 80' lang='lat' dir='ltr'>praecefferit:</span> <span class='ocrx_word' id='word_1_171' title='bbox 839 1594 992 1625; x_wconf 84' lang='lat' dir='ltr'>Panditur</span> <span class='ocrx_word' id='word_1_172' title='bbox 1020 1593 1133 1623; x_wconf 86' lang='lat' dir='ltr'>domus</span> <span class='ocrx_word' id='word_1_173' title='bbox 1157 1593 1345 1635; x_wconf 80' lang='lat' dir='ltr'>omnipatentis</span> <span class='ocrx_word' id='word_1_174' title='bbox 1372 1592 1422 1627; x_wconf 87' lang='lat' dir='ltr'>O.,</span> <span class='ocrx_word' id='word_1_175' title='bbox 1442 1597 1473 1620; x_wconf 88' lang='lat' dir='ltr'>et</span> <span class='ocrx_word' id='word_1_176' title='bbox 1497 1599 1571 1621; x_wconf 84' lang='lat' dir='ltr'>mox</span> <span class='ocrx_word' id='word_1_177' title='bbox 1600 1599 1631 1620; x_wconf 89' lang='lat' dir='ltr'>v.</span> <span class='ocrx_word' id='word_1_178' title='bbox 1654 1598 1673 1628; x_wconf 82' lang='lat'><em>5</em></span> <span class='ocrx_word' id='word_1_179' title='bbox 1704 1589 1745 1621; x_wconf 81' lang='lat' dir='ltr'>de</span> 
     </span>
     <span class='ocr_line' id='line_1_22' title="bbox 432 1640 1742 1689; baseline -0.002 -15"><span class='ocrx_word' id='word_1_180' title='bbox 432 1644 545 1674; x_wconf 82' lang='lat' dir='ltr'>eadem</span> <span class='ocrx_word' id='word_1_181' title='bbox 575 1643 696 1674; x_wconf 86' lang='lat' dir='ltr'>domo:</span> <span class='ocrx_word' id='word_1_182' title='bbox 736 1647 814 1677; x_wconf 70' lang='lat' dir='ltr'>teffis</span> <span class='ocrx_word' id='word_1_183' title='bbox 842 1644 1041 1689; x_wconf 82' lang='lat' dir='ltr'><em>bipatentibus.</em></span> <span class='ocrx_word' id='word_1_184' title='bbox 1086 1643 1194 1674; x_wconf 78' lang='lat' dir='ltr'>Aliter</span> <span class='ocrx_word' id='word_1_185' title='bbox 1224 1653 1274 1673; x_wconf 81' lang='lat' dir='ltr'>res</span> <span class='ocrx_word' id='word_1_186' title='bbox 1299 1642 1329 1672; x_wconf 87' lang='lat' dir='ltr'>se</span> <span class='ocrx_word' id='word_1_187' title='bbox 1359 1641 1454 1672; x_wconf 84' lang='lat' dir='ltr'>habet</span> <span class='ocrx_word' id='word_1_188' title='bbox 1485 1640 1542 1671; x_wconf 89' lang='lat' dir='ltr'>inf.</span> <span class='ocrx_word' id='word_1_189' title='bbox 1573 1642 1649 1678; x_wconf 81' lang='lat' dir='ltr'>XII,</span> <span class='ocrx_word' id='word_1_190' title='bbox 1680 1649 1742 1681; x_wconf 90' lang='lat'>791</span> 
     </span>
     <span class='ocr_line' id='line_1_23' title="bbox 433 1694 1744 1740; baseline -0.002 -14"><span class='ocrx_word' id='word_1_191' title='bbox 433 1697 577 1739; x_wconf 80' lang='lat' dir='ltr'>Junonem</span> <span class='ocrx_word' id='word_1_192' title='bbox 592 1697 696 1728; x_wconf 82' lang='lat' dir='ltr'>interca</span> <span class='ocrx_word' id='word_1_193' title='bbox 724 1709 775 1728; x_wconf 85' lang='lat' dir='ltr'>rex</span> <span class='ocrx_word' id='word_1_194' title='bbox 790 1699 975 1740; x_wconf 80' lang='lat' dir='ltr'>omnipotentis</span> <span class='ocrx_word' id='word_1_195' title='bbox 1005 1698 1135 1740; x_wconf 67' lang='grc' dir='ltr'>Οζγηιρὶς</span> <span class='ocrx_word' id='word_1_196' title='bbox 1158 1694 1212 1726; x_wconf 87' lang='lat' dir='ltr'>ubi</span> <span class='ocrx_word' id='word_1_197' title='bbox 1229 1694 1413 1725; x_wconf 86' lang='lat' dir='ltr'>conveniret</span> <span class='ocrx_word' id='word_1_198' title='bbox 1430 1695 1631 1736; x_wconf 66' lang='lat' dir='ltr'>omniparentis.</span> <span class='ocrx_word' id='word_1_199' title='bbox 1679 1695 1744 1724; x_wconf 86' lang='lat' dir='ltr'>Ha-</span> 
     </span>
     <span class='ocr_line' id='line_1_24' title="bbox 433 1745 1747 1787; baseline -0.001 -11"><span class='ocrx_word' id='word_1_200' title='bbox 433 1745 512 1777; x_wconf 88' lang='lat' dir='ltr'>bent</span> <span class='ocrx_word' id='word_1_201' title='bbox 537 1754 646 1777; x_wconf 81' lang='lat' dir='ltr'>tamen</span> <span class='ocrx_word' id='word_1_202' title='bbox 673 1748 717 1778; x_wconf 86' lang='lat' dir='ltr'>ibi</span> <span class='ocrx_word' id='word_1_203' title='bbox 741 1748 814 1779; x_wconf 86' lang='lat' dir='ltr'>libri</span> <span class='ocrx_word' id='word_1_204' title='bbox 837 1748 975 1779; x_wconf 87' lang='lat' dir='ltr'>alterum</span> <span class='ocrx_word' id='word_1_205' title='bbox 992 1748 1180 1779; x_wconf 81' lang='lat' dir='ltr'>constanter.</span> <span class='ocrx_word' id='word_1_206' title='bbox 1227 1746 1335 1777; x_wconf 87' lang='lat' dir='ltr'>Restat</span> <span class='ocrx_word' id='word_1_207' title='bbox 1361 1747 1565 1787; x_wconf 80' lang='lat' dir='ltr'>omniparentis,</span> <span class='ocrx_word' id='word_1_208' title='bbox 1590 1745 1675 1786; x_wconf 84' lang='lat' dir='ltr'>quod</span> <span class='ocrx_word' id='word_1_209' title='bbox 1691 1745 1747 1776; x_wconf 74' lang='lat' dir='ltr'>alii</span> 
     </span>
     <span class='ocr_line' id='line_1_25' title="bbox 433 1795 1743 1841; baseline 0 -13"><span class='ocrx_word' id='word_1_210' title='bbox 433 1797 667 1840; x_wconf 70' lang='lat' dir='ltr'>conjectarunt,</span> <span class='ocrx_word' id='word_1_211' title='bbox 695 1800 843 1841; x_wconf 87' lang='lat' dir='ltr'>quodque</span> <span class='ocrx_word' id='word_1_212' title='bbox 874 1799 940 1841; x_wconf 86' lang='lat' dir='ltr'>jam</span> <span class='ocrx_word' id='word_1_213' title='bbox 969 1799 1097 1841; x_wconf 85' lang='lat' dir='ltr'>Jovian.</span> <span class='ocrx_word' id='word_1_214' title='bbox 1124 1800 1287 1828; x_wconf 77' lang='lat' dir='ltr'>Pomanus</span> <span class='ocrx_word' id='word_1_215' title='bbox 1314 1795 1473 1838; x_wconf 79' lang='lat' dir='ltr'>agnovisse</span> <span class='ocrx_word' id='word_1_216' title='bbox 1501 1796 1617 1827; x_wconf 84' lang='lat' dir='ltr'>dicitur</span> <span class='ocrx_word' id='word_1_217' title='bbox 1640 1805 1671 1828; x_wconf 80' lang='lat' dir='ltr'>et</span> <span class='ocrx_word' id='word_1_218' title='bbox 1700 1799 1743 1830; x_wconf 91' lang='lat' dir='ltr'>N.</span> 
     </span>
     <span class='ocr_line' id='line_1_26' title="bbox 435 1847 1748 1892; baseline 0 -12"><span class='ocrx_word' id='word_1_219' title='bbox 435 1849 581 1880; x_wconf 79' lang='lat' dir='ltr'>Heinsius</span> <span class='ocrx_word' id='word_1_220' title='bbox 610 1849 775 1891; x_wconf 78' lang='lat' dir='ltr'>probabat.</span> <span class='ocrx_word' id='word_1_221' title='bbox 820 1852 1001 1892; x_wconf 76' lang='lat' dir='ltr'>Onmiparens</span> <span class='ocrx_word' id='word_1_222' title='bbox 1018 1859 1095 1880; x_wconf 80' lang='lat' dir='ltr'>terra</span> <span class='ocrx_word' id='word_1_223' title='bbox 1122 1849 1349 1880; x_wconf 79' lang='lat' dir='ltr'>Lucretianum</span> <span class='ocrx_word' id='word_1_224' title='bbox 1389 1847 1554 1888; x_wconf 83' lang='lat' dir='ltr'>epitheton</span> <span class='ocrx_word' id='word_1_225' title='bbox 1580 1847 1635 1886; x_wconf 83' lang='lat' dir='ltr'>est,</span> <span class='ocrx_word' id='word_1_226' title='bbox 1661 1849 1748 1890; x_wconf 85' lang='lat' dir='ltr'>quod</span> 
     </span>
     <span class='ocr_line' id='line_1_27' title="bbox 434 1897 1749 1942; baseline 0 -10"><span class='ocrx_word' id='word_1_227' title='bbox 434 1900 529 1942; x_wconf 77' lang='lat' dir='ltr'>supra</span> <span class='ocrx_word' id='word_1_228' title='bbox 560 1899 613 1931; x_wconf 87' lang='lat' dir='ltr'>lib.</span> <span class='ocrx_word' id='word_1_229' title='bbox 643 1901 701 1938; x_wconf 86' lang='lat' dir='ltr'>VI,</span> <span class='ocrx_word' id='word_1_230' title='bbox 723 1910 785 1942; x_wconf 81' lang='lat'>595</span> <span class='ocrx_word' id='word_1_231' title='bbox 816 1901 914 1931; x_wconf 77' lang='lat' dir='ltr'>Maro</span> <span class='ocrx_word' id='word_1_232' title='bbox 944 1900 1172 1941; x_wconf 78' lang='lat' dir='ltr'>adoptaverat3</span> <span class='ocrx_word' id='word_1_233' title='bbox 1207 1898 1349 1930; x_wconf 79' lang='lat' dir='ltr'>defidero</span> <span class='ocrx_word' id='word_1_234' title='bbox 1374 1897 1473 1929; x_wconf 84' lang='lat' dir='ltr'>fimile</span> <span class='ocrx_word' id='word_1_235' title='bbox 1500 1899 1682 1940; x_wconf 85' lang='lat' dir='ltr'>exemplum</span> <span class='ocrx_word' id='word_1_236' title='bbox 1709 1900 1749 1932; x_wconf 82' lang='lat' dir='ltr'>de</span> 
     </span>
     <span class='ocr_line' id='line_1_28' title="bbox 437 1949 1749 1991; baseline 0.001 -8"><span class='ocrx_word' id='word_1_237' title='bbox 437 1952 526 1985; x_wconf 78' lang='lat' dir='ltr'>eaelo.</span> <span class='ocrx_word' id='word_1_238' title='bbox 574 1953 721 1983; x_wconf 83' lang='lat' dir='ltr'>Uranum</span> <span class='ocrx_word' id='word_1_239' title='bbox 737 1952 884 1983; x_wconf 86' lang='lat' dir='ltr'>omnium</span> <span class='ocrx_word' id='word_1_240' title='bbox 910 1952 1046 1982; x_wconf 89' lang='lat' dir='ltr'>deorum</span> <span class='ocrx_word' id='word_1_241' title='bbox 1073 1951 1236 1982; x_wconf 62' lang='lat' dir='ltr'>audlorem</span> <span class='ocrx_word' id='word_1_242' title='bbox 1263 1958 1295 1981; x_wconf 89' lang='lat' dir='ltr'>et</span> <span class='ocrx_word' id='word_1_243' title='bbox 1317 1958 1484 1991; x_wconf 85' lang='lat' dir='ltr'>parentem</span> <span class='ocrx_word' id='word_1_244' title='bbox 1511 1949 1533 1981; x_wconf 83' lang='lat' dir='ltr'><strong>fi</strong></span> <span class='ocrx_word' id='word_1_245' title='bbox 1561 1950 1600 1981; x_wconf 84' lang='lat' dir='ltr'>fic</span> <span class='ocrx_word' id='word_1_246' title='bbox 1625 1952 1749 1984; x_wconf 69' lang='lat' dir='ltr'>di&lt;stum</span> 
     </span>
     <span class='ocr_line' id='line_1_29' title="bbox 437 2001 1750 2045; baseline 0.001 -12"><span class='ocrx_word' id='word_1_247' title='bbox 437 2003 602 2040; x_wconf 84' lang='lat' dir='ltr'>invenero,</span> <span class='ocrx_word' id='word_1_248' title='bbox 617 2014 680 2033; x_wconf 90' lang='lat' dir='ltr'>non</span> <span class='ocrx_word' id='word_1_249' title='bbox 697 2003 837 2035; x_wconf 86' lang='lat' dir='ltr'>mirabor</span> <span class='ocrx_word' id='word_1_250' title='bbox 853 2014 861 2034; x_wconf 68' lang='grc' dir='ltr'>ι</span> <span class='ocrx_word' id='word_1_251' title='bbox 887 2002 998 2043; x_wconf 83' lang='lat' dir='ltr'>Sicque</span> <span class='ocrx_word' id='word_1_252' title='bbox 1021 2002 1207 2045; x_wconf 66' lang='grc' dir='ltr'><em>παγγενέτως</em></span> <span class='ocrx_word' id='word_1_253' title='bbox 1223 2001 1275 2032; x_wconf 85' lang='lat' dir='ltr'>ille</span> <span class='ocrx_word' id='word_1_254' title='bbox 1293 2001 1324 2031; x_wconf 88' lang='lat' dir='ltr'>in</span> <span class='ocrx_word' id='word_1_255' title='bbox 1344 2001 1483 2042; x_wconf 80' lang='lat' dir='ltr'>Hymnis</span> <span class='ocrx_word' id='word_1_256' title='bbox 1508 2001 1672 2043; x_wconf 79' lang='lat' dir='ltr'>Orphicis3</span> <span class='ocrx_word' id='word_1_257' title='bbox 1696 2003 1750 2034; x_wconf 86' lang='lat' dir='ltr'>sed</span> 
     </span>
     <span class='ocr_line' id='line_1_30' title="bbox 438 2051 1751 2097; baseline 0.002 -13"><span class='ocrx_word' id='word_1_258' title='bbox 438 2053 525 2084; x_wconf 78' lang='lat' dir='ltr'>aliud</span> <span class='ocrx_word' id='word_1_259' title='bbox 541 2053 617 2095; x_wconf 90' lang='lat' dir='ltr'>quid</span> <span class='ocrx_word' id='word_1_260' title='bbox 634 2054 677 2085; x_wconf 82' lang='lat' dir='ltr'>est</span> <span class='ocrx_word' id='word_1_261' title='bbox 696 2054 866 2096; x_wconf 76' lang='lat' dir='ltr'>OlympuS.</span> <span class='ocrx_word' id='word_1_262' title='bbox 914 2055 998 2097; x_wconf 83' lang='lat' dir='ltr'>Qae</span> <span class='ocrx_word' id='word_1_263' title='bbox 1020 2065 1093 2084; x_wconf 88' lang='lat' dir='ltr'>cum</span> <span class='ocrx_word' id='word_1_264' title='bbox 1126 2054 1169 2084; x_wconf 88' lang='lat' dir='ltr'>ita</span> <span class='ocrx_word' id='word_1_265' title='bbox 1196 2053 1225 2084; x_wconf 86' lang='lat' dir='ltr'>se</span> <span class='ocrx_word' id='word_1_266' title='bbox 1252 2051 1401 2089; x_wconf 82' lang='lat' dir='ltr'>habeant,</span> <span class='ocrx_word' id='word_1_267' title='bbox 1431 2053 1614 2095; x_wconf 69' lang='lat' dir='ltr'>omnipotentis</span> <span class='ocrx_word' id='word_1_268' title='bbox 1642 2057 1673 2086; x_wconf 88' lang='grc'>0.</span> <span class='ocrx_word' id='word_1_269' title='bbox 1702 2062 1751 2086; x_wconf 87' lang='lat' dir='ltr'>te-</span> 
     </span>
     <span class='ocr_line' id='line_1_31' title="bbox 438 2101 1751 2146; baseline 0 -10"><span class='ocrx_word' id='word_1_270' title='bbox 438 2104 581 2137; x_wconf 75' lang='lat' dir='ltr'>nendum</span> <span class='ocrx_word' id='word_1_271' title='bbox 600 2105 655 2142; x_wconf 88' lang='lat' dir='ltr'>est,</span> <span class='ocrx_word' id='word_1_272' title='bbox 671 2105 756 2146; x_wconf 87' lang='lat' dir='ltr'>quod</span> <span class='ocrx_word' id='word_1_273' title='bbox 774 2104 874 2135; x_wconf 82' lang='lat' dir='ltr'>altero</span> <span class='ocrx_word' id='word_1_274' title='bbox 891 2104 960 2135; x_wconf 90' lang='lat' dir='ltr'>loco</span> <span class='ocrx_word' id='word_1_275' title='bbox 983 2104 1115 2136; x_wconf 86' lang='lat' dir='ltr'>recurrit</span> <span class='ocrx_word' id='word_1_276' title='bbox 1133 2105 1208 2141; x_wconf 81' lang='lat' dir='ltr'><strong>XII,</strong></span> <span class='ocrx_word' id='word_1_277' title='bbox 1226 2111 1300 2145; x_wconf 87' lang='lat'>791,</span> <span class='ocrx_word' id='word_1_278' title='bbox 1314 2109 1350 2134; x_wconf 87' lang='lat' dir='ltr'>ut</span> <span class='ocrx_word' id='word_1_279' title='bbox 1366 2101 1513 2133; x_wconf 84' lang='lat' dir='ltr'>tribuerit</span> <span class='ocrx_word' id='word_1_280' title='bbox 1525 2107 1624 2144; x_wconf 69' lang='lat' dir='ltr'>poeta</span> <span class='ocrx_word' id='word_1_281' title='bbox 1636 2104 1751 2145; x_wconf 87' lang='lat' dir='ltr'>Olym-</span> 
     </span>
     <span class='ocr_line' id='line_1_32' title="bbox 438 2152 1751 2199; baseline 0 -12"><span class='ocrx_word' id='word_1_282' title='bbox 438 2167 493 2199; x_wconf 85' lang='lat' dir='ltr'>p0‚</span> <span class='ocrx_word' id='word_1_283' title='bbox 518 2156 603 2198; x_wconf 88' lang='lat' dir='ltr'>quod</span> <span class='ocrx_word' id='word_1_284' title='bbox 632 2156 691 2187; x_wconf 81' lang='lat' dir='ltr'>diis</span> <span class='ocrx_word' id='word_1_285' title='bbox 707 2155 868 2192; x_wconf 86' lang='lat' dir='ltr'>convenit,</span> <span class='ocrx_word' id='word_1_286' title='bbox 894 2156 949 2197; x_wconf 87' lang='lat' dir='ltr'>qui</span> <span class='ocrx_word' id='word_1_287' title='bbox 967 2156 999 2187; x_wconf 89' lang='lat' dir='ltr'>in</span> <span class='ocrx_word' id='word_1_288' title='bbox 1017 2167 1054 2187; x_wconf 91' lang='lat' dir='ltr'>eo</span> <span class='ocrx_word' id='word_1_289' title='bbox 1080 2155 1306 2186; x_wconf 82' lang='lat' dir='ltr'>continentur:</span> <span class='ocrx_word' id='word_1_290' title='bbox 1332 2152 1387 2184; x_wconf 83' lang='lat' dir='ltr'>etfi</span> <span class='ocrx_word' id='word_1_291' title='bbox 1411 2164 1524 2195; x_wconf 81' lang='lat' dir='ltr'>parum</span> <span class='ocrx_word' id='word_1_292' title='bbox 1550 2154 1651 2196; x_wconf 82' lang='lat' dir='ltr'>placet</span> <span class='ocrx_word' id='word_1_293' title='bbox 1677 2156 1751 2194; x_wconf 80' lang='lat' dir='ltr'>hoc,</span> 
     </span>
     <span class='ocr_line' id='line_1_33' title="bbox 440 2204 1750 2248; baseline 0.001 -11"><span class='ocrx_word' id='word_1_294' title='bbox 440 2218 499 2238; x_wconf 78' lang='lat' dir='ltr'>nec</span> <span class='ocrx_word' id='word_1_295' title='bbox 515 2207 669 2248; x_wconf 73' lang='lat' dir='ltr'>assequor,</span> <span class='ocrx_word' id='word_1_296' title='bbox 684 2218 739 2238; x_wconf 88' lang='lat' dir='ltr'>cur</span> <span class='ocrx_word' id='word_1_297' title='bbox 759 2210 852 2238; x_wconf 86' lang='lat' dir='ltr'>Maro</span> <span class='ocrx_word' id='word_1_298' title='bbox 869 2218 935 2239; x_wconf 85' lang='lat' dir='ltr'>non</span> <span class='ocrx_word' id='word_1_299' title='bbox 955 2207 1106 2239; x_wconf 76' lang='lat' dir='ltr'>maluerit</span> <span class='ocrx_word' id='word_1_300' title='bbox 1131 2206 1324 2238; x_wconf 83' lang='lat' dir='ltr'>Naevianum</span> <span class='ocrx_word' id='word_1_301' title='bbox 1343 2204 1468 2235; x_wconf 84' lang='lat' dir='ltr'>versum</span> <span class='ocrx_word' id='word_1_302' title='bbox 1485 2212 1591 2236; x_wconf 91' lang='lat' dir='ltr'>totum</span> <span class='ocrx_word' id='word_1_303' title='bbox 1606 2207 1750 2238; x_wconf 85' lang='lat' dir='ltr'>servare:</span> 
     </span>
     <span class='ocr_line' id='line_1_34' title="bbox 439 2255 1754 2302; baseline -0.001 -11"><span class='ocrx_word' id='word_1_304' title='bbox 439 2260 590 2291; x_wconf 79' lang='lat' dir='ltr'>Panditur</span> <span class='ocrx_word' id='word_1_305' title='bbox 606 2262 708 2290; x_wconf 62' lang='lat' dir='ltr'>interca</span> <span class='ocrx_word' id='word_1_306' title='bbox 722 2259 815 2291; x_wconf 80' lang='lat' dir='ltr'>domus</span> <span class='ocrx_word' id='word_1_307' title='bbox 838 2260 1010 2292; x_wconf 81' lang='lat' dir='ltr'>altitonantis</span> <span class='ocrx_word' id='word_1_308' title='bbox 1032 2259 1152 2302; x_wconf 80' lang='lat' dir='ltr'>Olympi.</span> <span class='ocrx_word' id='word_1_309' title='bbox 1197 2257 1261 2289; x_wconf 78' lang='lat' dir='ltr'>Etfi</span> <span class='ocrx_word' id='word_1_310' title='bbox 1278 2257 1365 2287; x_wconf 89' lang='lat' dir='ltr'>enim</span> <span class='ocrx_word' id='word_1_311' title='bbox 1382 2263 1414 2286; x_wconf 89' lang='lat' dir='ltr'>et</span> <span class='ocrx_word' id='word_1_312' title='bbox 1435 2255 1495 2286; x_wconf 90' lang='lat' dir='ltr'>hoc</span> <span class='ocrx_word' id='word_1_313' title='bbox 1510 2256 1585 2287; x_wconf 84' lang='lat' dir='ltr'>alias</span> <span class='ocrx_word' id='word_1_314' title='bbox 1604 2259 1694 2300; x_wconf 84' lang='lat' dir='ltr'>Jovis</span> <span class='ocrx_word' id='word_1_315' title='bbox 1708 2258 1754 2290; x_wconf 87' lang='lat' dir='ltr'>est.</span> 
     </span>
     <span class='ocr_line' id='line_1_35' title="bbox 440 2307 1752 2353; baseline -0.001 -11"><span class='ocrx_word' id='word_1_316' title='bbox 440 2311 597 2353; x_wconf 64' lang='lat' dir='ltr'>elogium,</span> <span class='ocrx_word' id='word_1_317' title='bbox 614 2318 722 2341; x_wconf 76' lang='lat' dir='ltr'>tamen</span> <span class='ocrx_word' id='word_1_318' title='bbox 746 2318 776 2341; x_wconf 84' lang='lat' dir='ltr'>et</span> <span class='ocrx_word' id='word_1_319' title='bbox 794 2310 947 2352; x_wconf 88' lang='lat' dir='ltr'>Olympo,</span> <span class='ocrx_word' id='word_1_320' title='bbox 972 2321 989 2341; x_wconf 89' lang='lat' dir='ltr'>e</span> <span class='ocrx_word' id='word_1_321' title='bbox 1007 2321 1069 2352; x_wconf 87' lang='lat' dir='ltr'>quo</span> <span class='ocrx_word' id='word_1_322' title='bbox 1086 2310 1245 2352; x_wconf 84' lang='lat' dir='ltr'>prodeunt</span> <span class='ocrx_word' id='word_1_323' title='bbox 1268 2307 1416 2345; x_wconf 86' lang='lat' dir='ltr'>fulmina,</span> <span class='ocrx_word' id='word_1_324' title='bbox 1431 2308 1600 2339; x_wconf 85' lang='lat' dir='ltr'>convenire</span> <span class='ocrx_word' id='word_1_325' title='bbox 1616 2317 1752 2351; x_wconf 82' lang='lat' dir='ltr'>poterat.</span> 
     </span>
     <span class='ocr_line' id='line_1_36' title="bbox 441 2357 1752 2401; baseline -0.001 -8"><span class='ocrx_word' id='word_1_326' title='bbox 441 2361 581 2394; x_wconf 80' lang='lat' dir='ltr'>Servaffe</span> <span class='ocrx_word' id='word_1_327' title='bbox 605 2362 688 2393; x_wconf 89' lang='lat' dir='ltr'>hunc</span> <span class='ocrx_word' id='word_1_328' title='bbox 720 2361 826 2392; x_wconf 83' lang='lat' dir='ltr'>Naevii</span> <span class='ocrx_word' id='word_1_329' title='bbox 853 2362 979 2392; x_wconf 87' lang='lat' dir='ltr'>versum</span> <span class='ocrx_word' id='word_1_330' title='bbox 1005 2370 1154 2392; x_wconf 84' lang='lat' dir='ltr'>narratur</span> <span class='ocrx_word' id='word_1_331' title='bbox 1184 2359 1332 2392; x_wconf 71' lang='lat' dir='ltr'>Caecilius</span> <span class='ocrx_word' id='word_1_332' title='bbox 1362 2357 1561 2390; x_wconf 80' lang='lat' dir='ltr'>Minutianus</span> <span class='ocrx_word' id='word_1_333' title='bbox 1588 2359 1752 2401; x_wconf 75' lang='lat' dir='ltr'>Apuleius.</span> 
     </span>
     <span class='ocr_line' id='line_1_37' title="bbox 442 2408 1754 2454; baseline -0.002 -10"><span class='ocrx_word' id='word_1_334' title='bbox 442 2414 497 2445; x_wconf 76' lang='lat' dir='ltr'>Est</span> <span class='ocrx_word' id='word_1_335' title='bbox 518 2414 544 2445; x_wconf 85' lang='lat' dir='ltr'>is</span> <span class='ocrx_word' id='word_1_336' title='bbox 559 2421 650 2444; x_wconf 80' lang='lat' dir='ltr'>vetus</span> <span class='ocrx_word' id='word_1_337' title='bbox 666 2412 720 2443; x_wconf 84' lang='lat' dir='ltr'>ille</span> <span class='ocrx_word' id='word_1_338' title='bbox 737 2413 985 2450; x_wconf 75' lang='lat' dir='ltr'>Grammaticus,</span> <span class='ocrx_word' id='word_1_339' title='bbox 1012 2413 1099 2454; x_wconf 81' lang='lat' dir='ltr'>cujus</span> <span class='ocrx_word' id='word_1_340' title='bbox 1115 2411 1187 2442; x_wconf 82' lang='lat' dir='ltr'>libri</span> <span class='ocrx_word' id='word_1_341' title='bbox 1204 2411 1266 2442; x_wconf 90' lang='lat' dir='ltr'>duo</span> <span class='ocrx_word' id='word_1_342' title='bbox 1282 2409 1349 2451; x_wconf 85' lang='lat' dir='ltr'>(aut</span> <span class='ocrx_word' id='word_1_343' title='bbox 1364 2408 1470 2451; x_wconf 82' lang='lat' dir='ltr'>potius</span> <span class='ocrx_word' id='word_1_344' title='bbox 1491 2408 1688 2452; x_wconf 82' lang='lat' dir='ltr'>fragmenta)</span> <span class='ocrx_word' id='word_1_345' title='bbox 1714 2411 1754 2442; x_wconf 75' lang='lat' dir='ltr'>de</span> 
     </span>
     <span class='ocr_line' id='line_1_38' title="bbox 444 2461 1754 2507; baseline -0.002 -11"><span class='ocrx_word' id='word_1_346' title='bbox 444 2464 686 2507; x_wconf 82' lang='lat' dir='ltr'>Orthographia</span> <span class='ocrx_word' id='word_1_347' title='bbox 709 2464 811 2495; x_wconf 87' lang='lat' dir='ltr'>adhuc</span> <span class='ocrx_word' id='word_1_348' title='bbox 839 2463 871 2494; x_wconf 88' lang='lat' dir='ltr'>in</span> <span class='ocrx_word' id='word_1_349' title='bbox 886 2464 1087 2495; x_wconf 78' lang='lat' dir='ltr'>bibliothecis</span> <span class='ocrx_word' id='word_1_350' title='bbox 1104 2464 1216 2501; x_wconf 83' lang='lat' dir='ltr'>latent,</span> <span class='ocrx_word' id='word_1_351' title='bbox 1239 2472 1335 2503; x_wconf 81' lang='lat' dir='ltr'>quem</span> <span class='ocrx_word' id='word_1_352' title='bbox 1351 2468 1458 2491; x_wconf 82' lang='lat' dir='ltr'>tamen</span> <span class='ocrx_word' id='word_1_353' title='bbox 1481 2461 1614 2499; x_wconf 83' lang='lat' dir='ltr'>evolvit,</span> <span class='ocrx_word' id='word_1_354' title='bbox 1635 2470 1754 2504; x_wconf 82' lang='lat' dir='ltr'>praeter</span> 
     </span>
     <span class='ocr_line' id='line_1_39' title="bbox 444 2510 1755 2558; baseline -0.003 -10"><span class='ocrx_word' id='word_1_355' title='bbox 444 2517 625 2558; x_wconf 80' lang='lat' dir='ltr'>Gyraldum</span> <span class='ocrx_word' id='word_1_356' title='bbox 652 2515 691 2546; x_wconf 88' lang='lat' dir='ltr'>de</span> <span class='ocrx_word' id='word_1_357' title='bbox 714 2515 821 2557; x_wconf 61' lang='lat' dir='ltr'>poetis</span> <span class='ocrx_word' id='word_1_358' title='bbox 848 2514 933 2547; x_wconf 84' lang='lat' dir='ltr'>Dial.</span> <span class='ocrx_word' id='word_1_359' title='bbox 960 2516 1016 2554; x_wconf 88' lang='lat' dir='ltr'>IV,</span> <span class='ocrx_word' id='word_1_360' title='bbox 1041 2526 1114 2557; x_wconf 83' lang='lat' dir='ltr'>pag.</span> <span class='ocrx_word' id='word_1_361' title='bbox 1144 2523 1222 2551; x_wconf 83' lang='lat'>204,</span> <span class='ocrx_word' id='word_1_362' title='bbox 1248 2512 1325 2544; x_wconf 80' lang='lat' dir='ltr'>Cael.</span> <span class='ocrx_word' id='word_1_363' title='bbox 1344 2510 1547 2552; x_wconf 82' lang='lat' dir='ltr'>Rhodiginus</span> <span class='ocrx_word' id='word_1_364' title='bbox 1569 2513 1642 2550; x_wconf 91' lang='lat' dir='ltr'>VII,</span> <span class='ocrx_word' id='word_1_365' title='bbox 1668 2523 1700 2552; x_wconf 83' lang='grc'>4,</span> <span class='ocrx_word' id='word_1_366' title='bbox 1723 2520 1755 2544; x_wconf 86' lang='lat' dir='ltr'>et</span> 
     </span>
     <span class='ocr_line' id='line_1_40' title="bbox 445 2562 1754 2608; baseline -0.002 -9"><span class='ocrx_word' id='word_1_367' title='bbox 445 2570 559 2606; x_wconf 80' lang='lat' dir='ltr'>XXII,</span> <span class='ocrx_word' id='word_1_368' title='bbox 579 2577 613 2607; x_wconf 82' lang='lat'>[3</span> <span class='ocrx_word' id='word_1_369' title='bbox 632 2568 712 2598; x_wconf 82' lang='lat' dir='ltr'>Ant.</span> <span class='ocrx_word' id='word_1_370' title='bbox 733 2566 836 2603; x_wconf 53' lang='lat' dir='ltr'>Leeh,</span> <span class='ocrx_word' id='word_1_371' title='bbox 850 2577 868 2596; x_wconf 93' lang='lat' dir='ltr'>a</span> <span class='ocrx_word' id='word_1_372' title='bbox 884 2577 946 2606; x_wconf 87' lang='lat' dir='ltr'>quo</span> <span class='ocrx_word' id='word_1_373' title='bbox 962 2566 1022 2597; x_wconf 90' lang='lat' dir='ltr'>hoc</span> <span class='ocrx_word' id='word_1_374' title='bbox 1038 2566 1142 2608; x_wconf 88' lang='lat' dir='ltr'>ipsum</span> <span class='ocrx_word' id='word_1_375' title='bbox 1157 2566 1195 2596; x_wconf 83' lang='lat' dir='ltr'>de</span> <span class='ocrx_word' id='word_1_376' title='bbox 1211 2563 1393 2605; x_wconf 82' lang='lat' dir='ltr'>Virgiliano</span> <span class='ocrx_word' id='word_1_377' title='bbox 1416 2562 1486 2593; x_wconf 90' lang='lat' dir='ltr'>loco</span> <span class='ocrx_word' id='word_1_378' title='bbox 1506 2563 1670 2605; x_wconf 80' lang='lat' dir='ltr'>prolatum</span> <span class='ocrx_word' id='word_1_379' title='bbox 1696 2564 1754 2597; x_wconf 79' lang='lat' dir='ltr'>est·</span> 
     </span>
     <span class='ocr_line' id='line_1_41' title="bbox 446 2604 1465 2660; baseline -0.007 -10"><span class='ocrx_word' id='word_1_380' title='bbox 446 2622 536 2655; x_wconf 80' lang='lat' dir='ltr'>Idem</span> <span class='ocrx_word' id='word_1_381' title='bbox 550 2617 787 2650; x_wconf 81' lang='lat' dir='ltr'>Grammaticus</span> <span class='ocrx_word' id='word_1_382' title='bbox 804 2616 982 2659; x_wconf 86' lang='lat' dir='ltr'>Olympum</span> <span class='ocrx_word' id='word_1_383' title='bbox 994 2617 1033 2648; x_wconf 86' lang='lat' dir='ltr'>de</span> <span class='ocrx_word' id='word_1_384' title='bbox 1047 2618 1128 2660; x_wconf 81' lang='lat' dir='ltr'>Jove</span> <span class='ocrx_word' id='word_1_385' title='bbox 1144 2604 1371 2658; x_wconf 46' lang='lat' dir='ltr'>interpretatus</span> <span class='ocrx_word' id='word_1_386' title='bbox 1385 2620 1465 2645; x_wconf 84' lang='lat' dir='ltr'>erat.</span> 
     </span>
    </p>
   </div>
   <div class='ocr_carea' id='block_1_8' title="bbox 447 2707 1761 2966">
    <p class='ocr_par' dir='ltr' id='par_1_8' title="bbox 447 2707 1761 2918">
     <span class='ocr_line' id='line_1_42' title="bbox 504 2707 1757 2763; baseline -0.006 -9"><span class='ocrx_word' id='word_1_387' title='bbox 504 2731 536 2755; x_wconf 72' lang='grc' dir='ltr'>ι.</span> <span class='ocrx_word' id='word_1_388' title='bbox 567 2716 666 2752; x_wconf 90' lang='lat' dir='ltr'>Dum</span> <span class='ocrx_word' id='word_1_389' title='bbox 684 2713 759 2750; x_wconf 83' lang='lat' dir='ltr'>haec</span> <span class='ocrx_word' id='word_1_390' title='bbox 791 2721 978 2763; x_wconf 86' lang='lat' dir='ltr'>geruntur,</span> <span class='ocrx_word' id='word_1_391' title='bbox 1013 2710 1067 2748; x_wconf 84' lang='lat' dir='ltr'>dii</span> <span class='ocrx_word' id='word_1_392' title='bbox 1133 2708 1385 2747; x_wconf 83' lang='lat' dir='ltr'>commodatus</span> <span class='ocrx_word' id='word_1_393' title='bbox 1420 2707 1466 2744; x_wconf 88' lang='lat' dir='ltr'>ad</span> <span class='ocrx_word' id='word_1_394' title='bbox 1495 2708 1651 2746; x_wconf 83' lang='lat' dir='ltr'>formam</span> <span class='ocrx_word' id='word_1_395' title='bbox 1669 2709 1757 2747; x_wconf 83' lang='lat' dir='ltr'>aedi-</span> 
     </span>
     <span class='ocr_line' id='line_1_43' title="bbox 447 2759 1755 2812; baseline -0.006 -6"><span class='ocrx_word' id='word_1_396' title='bbox 447 2769 494 2806; x_wconf 78' lang='lat' dir='ltr'>ad</span> <span class='ocrx_word' id='word_1_397' title='bbox 532 2766 726 2805; x_wconf 87' lang='lat' dir='ltr'>concilium</span> <span class='ocrx_word' id='word_1_398' title='bbox 758 2763 963 2801; x_wconf 82' lang='lat' dir='ltr'>habendum</span> <span class='ocrx_word' id='word_1_399' title='bbox 983 2776 1070 2800; x_wconf 88' lang='lat' dir='ltr'>con-</span> <span class='ocrx_word' id='word_1_400' title='bbox 1136 2775 1197 2799; x_wconf 88' lang='lat' dir='ltr'>urn</span> <span class='ocrx_word' id='word_1_401' title='bbox 1226 2759 1352 2812; x_wconf 82' lang='lat' dir='ltr'>priscae</span> <span class='ocrx_word' id='word_1_402' title='bbox 1385 2759 1490 2796; x_wconf 76' lang='lat' dir='ltr'>vitae:</span> <span class='ocrx_word' id='word_1_403' title='bbox 1519 2759 1570 2797; x_wconf 90' lang='lat' dir='ltr'>cf.</span> <span class='ocrx_word' id='word_1_404' title='bbox 1599 2760 1674 2810; x_wconf 88' lang='lat' dir='ltr'>sup.</span> <span class='ocrx_word' id='word_1_405' title='bbox 1708 2761 1755 2798; x_wconf 87' lang='lat' dir='ltr'>ad</span> 
     </span>
     <span class='ocr_line' id='line_1_44' title="bbox 449 2810 1758 2867; baseline -0.007 -10"><span class='ocrx_word' id='word_1_406' title='bbox 449 2830 635 2857; x_wconf 78' lang='lat' dir='ltr'>vocantur.</span> <span class='ocrx_word' id='word_1_407' title='bbox 690 2817 748 2853; x_wconf 84' lang='lat' dir='ltr'>Est</span> <span class='ocrx_word' id='word_1_408' title='bbox 764 2815 898 2867; x_wconf 63' lang='lat' dir='ltr'>poetis,</span> <span class='ocrx_word' id='word_1_409' title='bbox 925 2815 999 2864; x_wconf 86' lang='lat' dir='ltr'>jam</span> <span class='ocrx_word' id='word_1_410' title='bbox 1015 2813 1070 2850; x_wconf 86' lang='lat' dir='ltr'>in-</span> <span class='ocrx_word' id='word_1_411' title='bbox 1137 2813 1210 2850; x_wconf 88' lang='lat' dir='ltr'>Ge.</span> <span class='ocrx_word' id='word_1_412' title='bbox 1247 2812 1319 2855; x_wconf 83' lang='grc' dir='ltr'>ΠΙ,</span> <span class='ocrx_word' id='word_1_413' title='bbox 1349 2813 1416 2849; x_wconf 86' lang='lat'>261</span> <span class='ocrx_word' id='word_1_414' title='bbox 1449 2810 1610 2861; x_wconf 79' lang='lat' dir='ltr'>adeoque</span> <span class='ocrx_word' id='word_1_415' title='bbox 1642 2812 1681 2849; x_wconf 85' lang='lat' dir='ltr'>in</span> <span class='ocrx_word' id='word_1_416' title='bbox 1712 2825 1758 2848; x_wconf 90' lang='lat' dir='ltr'>eo</span> 
     </span>
     <span class='ocr_line' id='line_1_45' title="bbox 450 2862 1761 2918; baseline -0.008 -8"><span class='ocrx_word' id='word_1_417' title='bbox 450 2871 496 2910; x_wconf 88' lang='lat' dir='ltr'>de</span> <span class='ocrx_word' id='word_1_418' title='bbox 514 2871 560 2909; x_wconf 79' lang='lat' dir='ltr'>ab</span> <span class='ocrx_word' id='word_1_419' title='bbox 590 2870 772 2914; x_wconf 86' lang='lat' dir='ltr'>Homero,</span> <span class='ocrx_word' id='word_1_420' title='bbox 807 2866 985 2918; x_wconf 87' lang='lat' dir='ltr'>Olympus</span> <span class='ocrx_word' id='word_1_421' title='bbox 1012 2879 1071 2905; x_wconf 83' lang='lat' dir='ltr'>ac·</span> <span class='ocrx_word' id='word_1_422' title='bbox 1137 2862 1514 2916; x_wconf 72' lang='lat' dir='ltr'>suntportae:‘ingens</span> <span class='ocrx_word' id='word_1_423' title='bbox 1528 2863 1761 2912; x_wconf 82' lang='lat' dir='ltr'>atrium,qu0</span> 
     </span>
    </p>

    <p class='ocr_par' dir='ltr' id='par_1_9' title="bbox 1646 2926 1759 2966">
     <span class='ocr_line' id='line_1_46' title="bbox 1646 2926 1759 2966; baseline -0.009 -15"><span class='ocrx_word' id='word_1_424' title='bbox 1646 2926 1759 2966; x_wconf 85' lang='lat' dir='ltr'>nego-</span> 
     </span>
    </p>
   </div>
  </div>
 </body>
</html>
