1847 3313
408 298 502 346 124
762 284 1272 334 EXCURSUS
1338 281 1364 333 Ι

404 420 533 464 ,Λιγύων
563 422 732 468 περῶντες
762 417 879 456 ἀδήϊοι.
935 415 1061 452 Errori
1089 423 1208 452 autern
1240 415 1359 451 locum
1382 411 1472 449 feeit
1499 412 1585 454 hoe,
1619 406 1722 459 quod

405 476 562 527 Ligures
580 477 683 520 olim,
704 476 844 513 Iberica
863 487 964 525 gens,
985 474 1055 510 late
1071 473 1238 511 tenebant
1256 470 1435 509 maritima
1454 470 1535 507 loca
1552 481 1624 506 non
1639 479 1719 504 mo-

404 535 456 572 do
477 536 610 573 Galliae
627 547 662 572 et
681 535 812 578 Italiae,
830 533 891 570 sed
909 541 944 568 et
964 530 1105 569 Iberiae.
1157 530 1284 580 Itaque
1298 529 1383 580 ipsae
1403 529 1527 565 Gades
1546 528 1585 564 in
1603 525 1720 575 Ligu-

404 595 505 633 ribus
534 605 792 636 memorantur,
819 603 855 630 et
883 592 1036 638 Λιγυςίνη
1063 602 1175 641 prope
1195 589 1317 626 Gades
1335 602 1393 639 ap.
1422 588 1544 639 Steph.
1568 587 1657 636 Byz.
1678 584 1718 621 h.

404 666 441 690 v.
459 667 503 690 ex
521 657 631 705 po'eta
651 662 736 703 puta
753 651 929 701 antiqu03
958 660 993 687 et
1012 649 1107 699 apud
1127 647 1262 685 Avien.
1281 647 1358 684 Ora
1379 647 1501 685 marit.
1557 648 1634 695 284
1659 644 1720 681 Li-

399 716 545 764 gusticus
563 712 668 751 lacus.
721 710 936 748 Traduntur
953 719 1049 745 certe
1068 706 1220 757 Ligures
1237 705 1402 751 Sicanos,
1432 705 1612 743 Ibericam
1630 715 1722 754 gen-

407 782 495 817 tem,
511 784 556 809 ex
575 769 754 821 Hispania
767 769 936 820 pepulisse
956 768 1049 816 (vid.
1070 765 1243 815 Thucyd.
1259 765 1335 809 VI,
1356 779 1391 804 2.
1428 763 1586 813 Dionys.
1601 764 1636 808 Ι,
1655 776 1719 800 22.

407 830 566 869 Diodor.
593 830 646 874 V,
665 831 701 867 6.
731 828 840 866 Silius
857 827 939 864 Ital.
970 823 1083 868 XIV,
1118 837 1177 874 34.
1202 835 1265 876 35,
1296 823 1378 860 loca
1405 822 1562 860 excitata
1589 821 1680 859 olim
1701 837 1723 859 a

407 891 515 930 nobis
533 892 578 928 ad
596 889 846 927 Guthrianum
873 901 961 937 opus
980 887 1091 924 Tom.
1119 884 1191 929 ΙΙΙ,
1219 899 1256 935 p.
1286 887 1367 935 73).
1421 882 1599 921 Permixti
1632 895 1718 920 mox

406 949 520 988 iidem
538 950 692 1001 Ligures
707 962 788 986 cum
810 947 926 983 Celtis
944 946 1067 996 paffim
1086 942 1311 988 habitarunt,
1341 956 1385 980 ex
1406 955 1480 994 quo
1497 955 1627 992 genere
1655 941 1721 978 Sa-

407 1011 482 1059 lyes
500 1019 613 1048 erant.
645 1022 682 1045 v.
710 1006 837 1044 Strabo
850 1005 924 1050 IV,
942 1019 978 1056 p.
1000 1018 1065 1054 3¹¹
1093 1005 1152 1048 A;
1182 1002 1302 1053 itaque
1312 1003 1393 1040 loca
1411 1002 1510 1040 circa
1528 1001 1722 1040 Massiliam

409 1081 446 1108 et
458 1069 678 1107 Rhodanum
698 1066 743 1103 ad
756 1065 908 1116 Ligures
927 1063 1154 1100 referuntur:
1189 1060 1234 1098 fic
1251 1074 1308 1112 ap.
1331 1061 1508 1111 Apollod.
1533 1060 1587 1104 II,
1606 1075 1645 1112 5,
1676 1073 1726 1098 10

409 1130 497 1167 etin
513 1130 596 1166 loco
623 1125 786 1174 AEschyli
804 1138 848 1161 ex
874 1122 1086 1159 Prometheo
1105 1120 1255 1158 liberato
1274 1134 1331 1172 ap.
1354 1120 1507 1169 Dionys.
1526 1121 1563 1164 Ι,
1578 1132 1641 1169 4¹·
1669 1117 1724 1156 cf.

409 1191 559 1229 Aristot.
577 1188 623 1225 de
637 1185 775 1224 Mirab.
797 1184 911 1221 audit.
931 1183 979 1220 T.
999 1181 1038 1218 Π
1057 1181 1172 1232 Opp.‚
1191 1194 1227 1231 p.
1245 1193 1334 1233 725.
1362 1180 1462 1219 Intra
1480 1181 1591 1230 Alpes
1605 1189 1726 1217 tamen

409 1260 446 1289 et
466 1247 694 1300 Apenninos,
717 1259 736 1282 a
757 1243 871 1282 Celtis
889 1241 1033 1283 diversi,
1059 1241 1262 1278 coluerunt.
1290 1255 1325 1278 v.
1355 1240 1484 1278 Strabo
1502 1240 1568 1277 lib.
1601 1240 1654 1284 11,
1686 1252 1724 1290 p.

416 1323 490 1360 190
509 1309 558 1346 C.
612 1307 820 1356 Antequam
839 1312 955 1339 autem
976 1299 1083 1338 Italia
1112 1298 1274 1350 superior
1292 1299 1433 1337 Graecis
1451 1298 1608 1350 penitius
1621 1298 1727 1335 inno·

409 1378 541 1412 tuerat,
560 1380 622 1418 per
640 1366 796 1416 Ligures
810 1375 888 1400 eam
909 1359 1073 1398 universe
1087 1359 1267 1396 declarare
1279 1358 1453 1397 solebant.
1507 1358 1738 1407 Tenendum,

410 1429 482 1466 hoc
503 1428 549 1464 est
567 1434 713 1476 propter
732 1423 846 1460 multa
863 1424 1050 1471 poetarum
1079 1419 1171 1455 loca.
1226 1417 1285 1454 Ita
1303 1417 1430 1455 Circes
1448 1429 1592 1468 quoque
1611 1416 1728 1453 insula

410 1489 458 1525 ad
479 1487 633 1537 Ligures
659 1482 808 1522 referri:
848 1480 984 1525 Λιγυςὶς
1011 1479 1029 1517 ἦ
1055 1482 1134 1515 συῶν
1161 1479 1356 1526 μοξφώτςια
1383 1475 1491 1514 Circe
1509 1489 1567 1526 ap.
1596 1474 1727 1525 Eurip-

411 1546 554 1584 Troad.
581 1557 670 1595 437.
727 1543 850 1591 Atque.
880 1539 969 1576 adeo
1002 1538 1167 1587 Cytaeam
1200 1536 1391 1573 Colchidis
1419 1537 1593 1583 Λιγυςικῆν
1621 1534 1667 1572 ab
1685 1547 1727 1571 ea

411 1606 511 1644 dixit
539 1603 726 1654 Lycophr.
759 1614 871 1649 1312,
899 1598 993 1635 unde
1020 1609 1204 1647 perperam
1238 1595 1399 1634 Eustath.
1428 1596 1473 1633 ad
1506 1595 1646 1646 Perieg.
1676 1594 1727 1645 76

411 1665 594 1703 coloniam
613 1662 792 1713 Ligurum
817 1659 856 1696 in
873 1656 1090 1695 Colchidem
1119 1654 1264 1692 du&am
1282 1654 1435 1692 effinxit.
1489 1653 1615 1705 Itaque
1637 1652 1727 1690 Padi

413 1737 559 1775 quoque
578 1723 666 1760 ostia
692 1731 727 1757 et
753 1718 937 1756 succinum
964 1715 1010 1752 ad
1042 1715 1193 1765 Ligures
1212 1713 1412 1751 referebant
1438 1722 1588 1759 veteres,
1623 1713 1728 1752 conf.

412 1785 510 1822 Plin.
529 1781 744 1824 XXXVII,
765 1792 783 1828 3
805 1777 831 1814 s.
858 1791 869 1814 1
885 1791 917 1820 1,
935 1785 970 1812 et
989 1774 1074 1813 hinc
1090 1781 1300 1822 corruptum
1315 1786 1446 1810 nomen
1465 1773 1623 1823 Lingurii
1638 1786 1673 1810 v.
1693 1786 1728 1810 c.

414 1843 512 1894 apud
534 1842 748 1880 Strabonem
769 1838 835 1875 lib.
855 1836 928 1880 IV,
945 1847 1028 1885 pag.
1051 1845 1123 1881 310
1144 1832 1170 1868 Β
1188 1832 1356 1883 πλεονάζει
1375 1832 1476 1870 δὲκαὶ
1494 1834 1531 1870 τὸ
1548 1834 1731 1882 λιεγγούξιοι

414 1903 501 1954 ‘²⁷²5’
521 1906 631 1941 αὐτοῖς
664 1902 746 1949 (τοῖς
766 1898 936 1943 Astyra-mv),
964 1897 979 1930 ’ό
999 1911 1078 1930 τινες
1090 1894 1241 1942 ἦλεκτξον
1256 1893 1532 1941 πξοσατγοξεύεσι.
1588 1891 1729 1942 Lingu-

414 1964 511 2007 rium
531 1975 574 1999 ex
589 1973 645 2005 ea,
661 1972 769 2009 quam
783 1956 886 2007 supra
902 1953 1097 2005 posuimus,
1126 1956 1276 1999 Λιγγεῖς,
1314 1951 1609 2002 pronuntiatione
1629 1951 1728 1989 nasci

416 2022 561 2074 potuit3
589 2021 722 2058 fastum
735 2017 823 2054 adeo
843 2013 1072 2064 Lyngurium
1091 2022 1125 2048 et
1141 2010 1382 2061 Lyncurium‚
1410 2011 1508 2061 quod
1529 2023 1662 2048 nomen
1680 2012 1729 2049 ad

417 2081 554 2132 lapidis
572 2091 683 2129 genus
702 2075 924 2117 transsatum,
947 2082 982 2109 et
1001 2083 1084 2108 nata
1101 2084 1144 2107 ex
1157 2081 1279 2120 etymo
1293 2069 1413 2106 fabula
1432 2070 1478 2106 de
1494 2079 1579 2107 nato
1603 2069 1728 2120 lapide

416 2155 461 2178 ex
474 2141 621 2190 lyncum
641 2136 757 2174 urina.
812 2132 965 2170 Accidit
981 2142 1098 2169 autem
1118 2129 1258 2168 nomini
1277 2129 1474 2179 Ligurum,
1493 2139 1532 2166 ut
1549 2129 1673 2166 multis
1690 2129 1731 2166 in

415 2199 508 2239 locis
527 2203 826 2246 corrumperetur.
879 2192 936 2228 Ita
953 2205 1012 2241 ap.
1034 2189 1209 2240 Apollod.
1228 2188 1262 2232 I,
1277 2201 1317 2237 9,
1333 2200 1383 2238 24
1400 2197 1436 2224 et
1449 2187 1502 2231 II,
1518 2202 1556 2240 5,
1579 2202 1640 2232 10,
1667 2189 1733 2228 ubi

418 2274 456 2303 v.
476 2258 570 2296 Not.
597 2271 634 2307 p.
666 2268 755 2298 210,
782 2253 853 2304 398
872 2268 882 2297 ;
910 2263 1019 2303 porro
1043 2263 1101 2300 ap.
1123 2248 1274 2288 Aristot.
1293 2248 1346 2285 H.
1367 2247 1417 2286 A.
1437 2248 1471 2292 Ι,
1492 2262 1551 2299 15,
1571 2247 1635 2285 ubi
1655 2251 1733 2299 post

418 2318 563 2359 Reines.
597 2316 688 2353 Var.
721 2313 823 2351 Lech
855 2326 891 2362 p.
920 2325 970 2362 74
1010 2309 1161 2347 restituit
1189 2307 1387 2346 Schneider
1419 2308 1471 2346 V.
1505 2308 1553 2345 C.
1608 2307 1733 2347 Etiam

416 2377 540 2428 planta
568 2372 770 2425 Ligustica,
798 2370 986 2417 Λιγυςικόν,
1012 2377 1150 2408 mutata
1167 2366 1206 2404 in
1234 2368 1408 2409 Λιβυςικὸν
1436 2380 1474 2405 ν.
1511 2365 1659 2404 Salmas.
1686 2367 1734 2403 ad

419 2438 534 2475 Solin.
571 2448 608 2485 p.
646 2437 733 2484 899,
787 2431 831 2466 In
862 2427 999 2471 Avieni
1029 2427 1080 2466 O.
1110 2427 1169 2469 M.
1214 2427 1285 2477 196
1305 2433 1430 2478 pernix
1460 2426 1539 2464 lucis
1563 2427 1736 2477 praeclare

411 2503 537 2549 pernix
569 2496 674 2545 Ltgus
699 2490 914 2528 emendabat
933 2487 1108 2525 Schrader
1124 2487 1331 2528 Emendatt.
1362 2484 1464 2537 praef.
1499 2499 1538 2536 p.
1570 2484 1731 2522 XXIX.

419 2556 548 2593 Latere
567 2563 711 2604 quoque
729 2549 882 2599 Ligures
916 2547 1042 2593 Λίγυας
1076 2544 1233 2588 arbitror
1247 2544 1286 2582 in
1313 2547 1438 2596 Lyncei
1460 2544 1610 2582 nomine
1637 2543 1735 2594 apud

419 2613 609 2665 Lycophr.
655 2622 768 2659 1240,
813 2607 877 2645 ubi
905 2606 1057 2643 AEnearn
1089 2604 1227 2643 dicitur
1254 2614 1447 2656 exceptura
1477 2604 1544 2641 ess'e
1569 2603 1737 2653 Τυςαηνία

421 2675 567 2722 Λυγκεύς
585 2688 620 2709 τε
639 2668 755 2720 Sequor
782 2667 904 2719 ῥεῖθξον
920 2667 1115 2715 ἐκβξάσσων
1132 2669 1254 2707 ποτῶν,
1267 2663 1338 2700 Καὶ
1356 2666 1479 2708 nlo-0¹⁵,
1510 2659 1682 2711 'Ath-ns
1697 2662 1738 2700 θ’

420 2734 458 2780 041
487 2733 666 2781 πολύῤῥηνοι
696 2729 814 2766 νάπαι.
867 2725 1073 2764 Audiverat
1092 2722 1362 2761 Alexandrinus
1387 2716 1497 2774 poeta
1524 2721 1570 2759 de
1587 2723 1737 2762 thermis

420 2792 578 2841 Essturiae
607 2798 645 2838 et
677 2786 840 2842 Liguriae
862 2798 873 2826 ε
917 2786 1036 2847 estque
1059 2784 1093 2824 ei
1124 2782 1255 2824 fluvius
1288 2781 1422 2836 aliquis
1455 2782 1596 2835 Ligur,
1614 2783 1736 2834 Afybs,

1678 2840 1739 2887 vel
