1847 3313
485 248 895 314 AENEmos,
953 249 1109 306 ΜΒ.
1159 250 1226 306 x.
1400 260 1491 319 385

178 378 353 436 ffineas
375 385 566 450 ignarus
591 387 734 434 abest.
806 389 1148 450 Numquamne
1172 387 1312 436 levari
1430 400 1485 449 25

177 479 440 528 Obsidione
463 480 612 528 fines?
653 482 800 528 muris
823 480 999 527 iterum
1025 481 1226 528 inminet
1251 482 1392 529 hostis

176 574 422 623 Nascentis
449 574 638 637 Trojae3
676 590 761 620 nec
787 588 879 619 non
905 575 1136 620 exercitus
1161 575 1291 631 aiter,

172 669 333 730 Atque
356 668 525 714 iterum
546 667 594 712 in
620 666 827 712 Teucros
853 665 1024 711 AEtolis
1050 666 1195 729 surgit
1219 668 1280 713 ab
1307 668 1452 731 Arpis

169 757 396 822 Tydides.
466 755 719 819 Equidem,
742 755 901 812 credo,
919 772 1024 802 mea
1050 758 1239 804 volnera
1261 758 1430 806 restant
1448 783 1461 815 ;

168 899 427 942 pronuntiatione
451 907 510 939 pro
535 906 713 932 murorum,
739 903 775 927 ut
795 895 828 926 in
855 907 932 927 caera
955 903 988 927 et
1013 895 1103 935 aliis3
1127 896 1283 936 mansere,
1302 901 1450 941 pomoeria,
1465 908 1483 930 a

168 957 290 987 murus,
311 960 438 986 moems,
460 948 538 978 item
562 957 666 988 poeua,
694 947 794 979 Poeni.
844 948 911 977 Cur
941 955 1128 978 tamennon
1155 948 1213 979 nisi
1237 949 1286 979 his
1312 950 1391 979 binis
1408 950 1484 980 locis

165 1005 265 1044 poeta
281 1001 481 1042 antiquatum
498 998 559 1028 hoc
587 1008 703 1028 nomen
728 997 909 1035 retinuerit,
931 1009 1003 1029 cum
1027 999 1061 1028 in
1090 999 1158 1029 aliis
1185 999 1261 1029 locis
1280 1013 1369 1031 muros
1395 1011 1482 1031 com·

165 1053 257 1084 muni
273 1062 362 1082 more
377 1050 555 1090 eloquatur,
582 1048 731 1089 equidem
748 1059 811 1078 non
839 1048 1021 1090 expediam,
1050 1048 1107 1080 nisi
1125 1049 1207 1080 forte
1223 1063 1313 1093 agger
1334 1064 1481 1084 moerorum

164 1114 202 1134 ei<
218 1103 323 1134 Ennio
337 1109 390 1132 aut
405 1101 467 1132 aiio
483 1108 590 1131 vetere
614 1103 713 1140 poeta
742 1100 924 1130 desumtum
941 1101 1089 1131 servavit.
1136 1102 1211 1131 Non
1229 1102 1314 1131 enim
1331 1114 1480 1133 moerorum

162 1154 366 1197 deprehendo
382 1152 531 1194 scriptum
551 1151 606 1182 nisi
625 1151 656 1182 in
673 1163 776 1193 aggere
792 1164 939 1182 moerorum
955 1151 1012 1182 inf.
1038 1162 1108 1189 144,
1124 1159 1155 1182 et
1177 1153 1237 1189 XI,
1257 1153 1330 1191 382.
1381 1154 1480 1196 Qod

163 1208 196 1238 ni
215 1208 303 1239 irase
319 1205 427 1243 habet,
456 1203 659 1245 grammatici
686 1203 818 1245 alicujus
845 1203 1019 1234 ludibrium
1046 1203 1106 1233 hoc
1132 1203 1191 1233 esst
1220 1204 1378 1243 arbitror3
1402 1215 1478 1236 nam

161 1262 259 1291 Rom.
275 1268 305 1292 et
320 1258 436 1290 Medic.
452 1256 568 1298 aliique
585 1255 819 1298 praestantiores
834 1269 973 1287 murorum
990 1256 1119 1287 habent.
1154 1257 1262 1287 Potuit
1276 1256 1356 1294 fieri,
1370 1266 1404 1289 ut
1419 1269 1476 1289 ve-

160 1320 211 1344 tus
224 1310 461 1344 Grammaticus
472 1319 509 1339 ex
520 1308 575 1338 fuo
586 1308 704 1346 codice,
721 1308 753 1338 in
766 1318 829 1348 quo
839 1320 987 1338 maerorum
998 1307 1114 1348 ubique
1126 1307 1278 1349 scriptum
1295 1316 1373 1346 erat,
1389 1309 1475 1341 hunc

160 1364 268 1395 locum
284 1362 438 1397 laudaret,
460 1367 558 1400 utque
586 1359 659 1389 hinc
691 1358 918 1388 increbesceret
944 1358 1052 1400 opinio
1081 1359 1119 1389 de
1145 1358 1299 1400 scriptura
1316 1359 1388 1390 huic
1406 1360 1477 1391 loco

159 1413 335 1460 peculiari:
362 1422 432 1453 quae
461 1410 640 1440 communis
663 1417 729 1440 erat
752 1408 900 1439 omnibus
916 1408 1000 1441 locis.
1048 1410 1083 1439 In
1100 1409 1162 1440 fine
1179 1410 1284 1440 versus
1306 1412 1391 1454 fistizs
1408 1412 1476 1453 ple-

157 1466 250 1507 xique
268 1465 349 1496 Pier.
367 1462 452 1496 Gud.
469 1461 548 1491 aiter
566 1461 684 1491 Hamb.
703 1468 776 1492 tert.
798 1460 950 1491 Rottend.
971 1472 1024 1502 qu.
1045 1462 1168 1492 Mon-ct.
1184 1470 1257 1490 cum
1274 1468 1347 1491 terr.
1361 1463 1477 1502 Goth„

158 1516 262 1558 ficque
278 1518 366 1548 Serv.
378 1512 484 1556 legiffe
495 1512 632 1544 videtur.
671 1514 757 1555 foffae
773 1519 893 1549 tamen,
907 1512 994 1552 quod
1006 1512 1039 1541 in
1055 1512 1178 1542 Medic.
1198 1519 1229 1541 et
1243 1511 1310 1542 aliis
1326 1512 1473 1551 habetur,

158 1568 276 1610 ubique
291 1559 410 1598 legium
424 1571 490 1595 erat
506 1570 579 1593 ante
594 1564 814 1594 Burmannum
827 1572 834 1592 :
861 1570 893 1593 et
905 1562 989 1592 haud
1001 1562 1094 1593 dubie
1107 1562 1167 1592 hoc
1184 1562 1308 1592 dofflus
1324 1563 1446 1594 dinstum
1461 1576 1470 1596 z

150 1621 233 1664 fbffae
249 1619 386 1652 inundant
395 1617 543 1660 sanguine,
558 1613 710 1650 absolute,
725 1624 783 1654 pro
802 1613 938 1655 vulgari,
951 1614 1069 1656 sanguis
1087 1614 1314 1656 inundatfoſjizs,
1330 1621 1364 1644 ut
1380 1619 1472 1647 amnis·

154 1672 274 1702 inundat
290 1678 415 1712 camp053
439 1677 496 1696 nec
512 1664 655 1706 exempla
672 1664 808 1695 aliorum
826 1669 997 1706 poetarum
1012 1664 1143 1701 desunt;
1168 1671 1198 1694 et
1217 1664 1254 1694 sic
1275 1665 1470 1699 Priscianum

155 1725 229 1754 vm
256 1731 382 1763 quoque
409 1716 515 1759 legisse
533 1724 622 1746 notat
640 1718 700 1746 Ge.
722 1715 843 1747 Fabric.
892 1717 936 1746 At
966 1718 1073 1746 Burm.
1089 1715 1180 1757 foffas
1208 1715 1372 1756 praetulit;
1396 1729 1470 1751 cum

155 1773 241 1804 enim
259 1774 365 1816 miscent
379 1767 580 1812 praecesserit,
609 1767 694 1808 quod
723 1767 763 1797 ad
784 1766 920 1797 Rutulos
936 1765 1103 1802 referatur,
1121 1766 1281 1806 requirere
1298 1767 1471 1806 rationem,

154 1833 191 1856 ut
214 1832 246 1855 et
263 1825 353 1867 fhffis
369 1821 409 1852 ad
424 1830 477 1851 eos
493 1818 661 1850 referatur.
707 1818 767 1848 Sed
783 1816 804 1848 si
821 1817 888 1848 haec
904 1816 1014 1859 regula
1038 1817 1142 1847 valere
1160 1816 1265 1853 debet,
1291 1827 1354 1846 non
1370 1829 1469 1858 pauca.

155 1876 307 1907 Maronis
325 1874 394 1905 loca
410 1877 504 1903 erunt
520 1869 731 1901 immutanda.
779 1870 930 1899 Errorem
947 1875 981 1899 ut
999 1869 1217 1910 praecidamuffi
1240 1868 1310 1908 post
1327 1880 1467 1902 murorum

153 1928 247 1972 plena
264 1933 390 1958 tantum
421 1921 678 1963 interpunffiiione
705 1932 785 1962 opus
812 1921 867 1952 est.
914 1921 1003 1951 Tum
1030 1920 1115 1951 idem
1141 1918 1222 1949 iufra
1248 1920 1308 1956 XI,
1339 1920 1400 1959 333
1432 1923 1466 1953 in

155 1972 248 2010 simili
262 1977 424 2020 locofhffae
441 1973 582 2014 reliquit.
631 1971 787 2013 Equidem
805 1982 868 2002 non
887 1971 1030 2002 dubitem
1045 1972 1130 2014 fqfffz‘
1148 1981 1204 2010 pro
1231 1981 1307 2000 vero
1335 1970 1464 2004 habere.

152 2038 290 2068 -.-25‚
304 2029 470 2070 Unquamne
481 2024 539 2056 sec.
555 2022 822 2054 Moret.—--26.
839 2025 937 2053 iterum
949 2023 1045 2063 inficiet
1057 2028 1127 2051 tert.
1144 2022 1401 2059 Moret.——27.
1417 2036 1465 2055 nec

151 2093 203 2112 non
218 2081 352 2111 exercitus
369 2077 452 2107 alter.
498 2068 746 2104 Hemistichium
763 2072 843 2104 mihi
869 2068 1036 2103 videbatur
1059 2069 1191 2112 frigere,
1217 2071 1320 2101 multo
1348 2075 1464 2115 magis,

153 2125 187 2169 13,
217 2137 251 2161 ut
275 2129 341 2159 fere
366 2125 500 2162 faustum,
529 2120 622 2166 plene
649 2123 888 2164 interpungitur
914 2123 983 2164 post
1007 2124 1102 2154 alter.-
1143 2120 1203 2151 Sed
1229 2121 1308 2151 bene
1336 2125 1463 2156 monuit

153 2179 306 2217 Brunck.,
333 2187 406 2208 cum
422 2176 508 2217 seqq.
538 2174 635 2206 verba
652 2174 717 2205 haec
738 2170 797 2204 effe
812 2174 998 2215 jungenda:
1021 2173 1075 2204 etii
1097 2173 1147 2203 vcl
1175 2172 1214 2202 fic
1240 2173 1318 2204 dura
1343 2176 1460 2210 oratio,

242 2230 295 2263 28.
310 2229 412 2273 surget
429 2225 550 2257 Medic.
576 2225 661 2255 Gud.
678 2232 709 2255 et
727 2223 779 2255 alii
795 2224 899 2256 Heius.
911 2236 946 2255 ac
961 2223 1085 2261 Burin„
1098 2225 1202 2254 minus
1213 2223 1303 2254 bene.
1350 2227 1460 2260 Poeta:

151 2282 327 2314 videndum
344 2280 398 2316 est,
424 2286 459 2309 ut
475 2287 571 2318 quam
588 2275 725 2306 maxime
747 2276 780 2306 in
797 2273 983 2316 praesentem
1001 2285 1069 2306 rem
1085 2275 1219 2306 leetores
1232 2275 1377 2307 adducat.
1421 2279 1461 2310 ab

489 2337 541 2370 29.
568 2340 610 2359 me
623 2340 660 2360 v.
678 2326 758 2358 alter
775 2330 905 2369 Menag.

148 2336 233 2368 arvis
246 2343 294 2376 pr.
310 2330 396 2363 Voss'.

148 2461 194 2486 ex
212 2446 331 2484 Ennio
350 2453 411 2483 aut
429 2443 503 2483 alio
521 2452 636 2481 vetere
663 2443 770 2493 poe'ra
836 2453 939 2493 quem
956 2441 1042 2479 belli
1056 2439 1456 2489 societatejuugendum

149 2500 321 2537 dustum:
355 2511 391 2535 v.
427 2497 516 2534 Var.
551 2496 650 2532 Lech
708 2509 768 2546 ²5·
835 2493 923 2531 miffi
941 2503 1042 2530 erant
1061 2505 1080 2528 a
1102 2491 1242 2527 Latinis
1264 2491 1386 2539 legati.
1405 2491 1454 2529 cf.

149 2552 384 2600 Nunquamne,
414 2561 457 2585 an
478 2548 614 2597 ubique
632 2559 672 2583 ea
693 2546 769 2596 ipsa
834 2546 910 2596 sup.
931 2544 1039 2587 VIlI,
1065 2558 1104 2594 9,
1134 2553 1169 2579 et
1195 2542 1260 2578 lib.
1288 2542 1357 2585 XI,
1379 2555 1450 2589 ης

149 2601 295 2638 fortuna
313 2610 444 2644 manet,
468 2609 508 2637 ut
532 2597 716 2637 obfidione
734 2597 768 2634 se
834 2596 910 2646 sqq.
995 2609 1053 2645 κς).
1101 2594 1290 2644 Supersunt
1334 2589 1452 2631 adhue

148 2652 276 2703 preffos
294 2652 450 2689 videant.
506 2664 566 2696 27.
597 2651 676 2687 Nec
694 2662 768 2686 non
831 2647 1019 2685 cicatrices
1048 2645 1204 2683 vulneris
1234 2657 1252 2679 a
1273 2644 1453 2681 Diomede

148 2705 239 2740 alter
269 2702 447 2740 exercitus
488 2714 523 2739 et
568 2701 768 2738 Diomedes
831 2699 983 2750 accepti.
1029 2698 1105 2734 vid.
1150 2696 1256 2732 Iliad.
1302 2713 1329 2738 ε,
1378 2709 1452 2745 334

150 2753 264 2804 surgit
281 2754 413 2791 AEtolis
429 2753 474 2790 ab
493 2756 609 2803 Arpis,
638 2753 682 2788 ab
701 2753 767 2791 AE-
831 2752 926 2801 seqq.
982 2749 1139 2786 Videtur
1165 2747 1224 2783 hic
1254 2747 1352 2782 locus
1378 2747 1450 2782 lec-

153 2805 238 2842 tolis
263 2805 326 2842 sub
346 2805 526 2843 Diomede
543 2805 685 2848 inseffis,
721 2803 768 2841 ad
831 2811 886 2839 tus
904 2802 970 2838 effe
989 2800 1129 2837 Ovidio
1148 2800 1241 2836 Met.
1262 2798 1355 2840 XV,
1376 2798 1449 2846 768

197 2856 316 2895 ΤοΜ.
342 2855 416 2893 111.
884 2852 913 2889 Β
941 2852 964 2888 b
1353 2848 1450 2899 seqq.
