1847 3313
322 302 732 360 AENEIDos‚
785 300 938 351 LIB.
996 301 1132 351 v111.
1281 319 1374 369 239

62 436 348 494 Succedunt,
371 434 560 500 festique
579 452 627 483 eb
645 451 788 499 equos
813 446 860 483 et
881 451 1082 499 corpora
1102 447 1286 484 curant.

126 530 195 577 At
215 528 371 576 Venus
395 528 616 577 aetherios
633 528 757 574 inter
771 526 859 574 dea
880 527 1082 574 candida
1102 528 1295 576 nimbos

62 621 204 669 Dona
234 618 388 666 ferens
414 619 575 668 aderat
590 641 603 673 ;
639 629 900 681 natumque
920 617 970 663 in
993 618 1114 665 valle
1136 619 1327 666 reducta

36 707 39 710 ’
64 710 138 756 Ut
160 708 326 771 procul
346 707 532 771 egelido
553 707 785 755 secretum
808 705 1005 754 flumine
1027 708 1150 755 vidit
1166 725 1182 756 ε
1279 711 1377 759 610

62 798 261 846 Talibus
286 796 440 843 adfata
461 796 525 842 est
548 796 702 852 (118113,
736 795 877 857 seque
900 796 1075 843 obtulit
1099 798 1226 846 ultro
1242 817 1257 848 z

61 892 157 950 En,
177 891 382 955 perfecta
405 890 499 937 mei
523 888 743 954 promiffa
773 887 992 953 conjugis
1016 901 1116 936 arte

64 984 295 1031 Munera:
330 998 389 1029 ne
411 997 525 1029 mox
545 993 625 1027 aut
646 980 914 1038 LaurentiS,
939 992 1062 1038 nate,
1087 981 1333 1046 superbOS,

62 1079 165 1126 Aut
188 1093 344 1124 acrem
366 1076 553 1124 dubites
571 1075 620 1122 in
644 1075 819 1138 proelia
842 1074 1034 1139 poscere
1061 1077 1300 1128 Turnum.

65 1168 218 1226 Dixit,
240 1179 286 1214 et
306 1166 552 1230 amplexus
575 1165 674 1212 nati
701 1166 931 1229 Cytherea
953 1167 1152 1230 perivit;
1280 1172 1373 1234 615

63 1259 213 1306 Arma
237 1256 323 1305 sub
345 1256 536 1304 adversa
556 1256 716 1320 posuit
738 1258 970 1305 radiantia
991 1275 1183 1321 quercu.

64 1349 154 1396 Ille
173 1349 276 1397 deae
299 1346 436 1395 donis
459 1359 507 1395 et
532 1359 664 1394 tanto
689 1347 824 1395 laetus
854 1348 1031 1396 honore

66 1439 262 1504 Expleri
285 1440 465 1502 nequit,
488 1450 629 1501 atque
651 1439 812 1485 oculos
834 1455 919 1503 per
941 1439 1124 1505 singula
1142 1444 1309 1504 volvit,

108 1571 188 1613 609.
206 1571 370 1616 penitusque
384 1572 412 1602 in
427 1583 462 1602 v.
486 1569 589 1601 schol.
612 1570 735 1611 Cruqu.
765 1570 806 1601 ad
828 1570 946 1602 Horat.
969 1572 982 1602 1
1007 1574 1068 1604 od.
1087 1582 1136 1613 17.
1229 1575 1307 1609 610.
1332 1579 1377 1612 Ec

61 1632 115 1666 pr.
141 1622 287 1654 Parthas.
339 1634 354 1653 e
380 1622 473 1664 gelido
500 1620 610 1664 passim
641 1621 748 1663 scripti
779 1629 811 1652 et
838 1622 908 1654 edd.
942 1622 1040 1654 etiam
1072 1625 1221 1664 Pieriani,
1251 1628 1304 1659 alii
1327 1629 1378 1671 (ut

65 1674 184 1717 fragm.
208 1673 316 1706 Vatic.
343 1684 361 1704 a
377 1684 422 1706 m.
448 1673 507 1704 sec.
529 1673 613 1714 apud
637 1674 760 1704 Bottar.
789 1683 821 1715 p.
839 1674 918 1715 167)
943 1683 970 1721 eje
988 1676 1098 1717 gelido.-
1125 1678 1223 1710 Rom.
1249 1681 1313 1712 haec
1324 1694 1378 1723 geo

65 1728 142 1759 lido:
167 1725 331 1757 Montalb.
351 1726 481 1768 ingelido.
524 1725 660 1767 egelidum
672 1725 784 1767 flumen
807 1724 901 1756 debet
927 1724 987 1756 effe
1012 1727 1178 1768 tepidum:
1203 1737 1299 1772 arque
1314 1731 1378 1763 hoc

67 1788 143 1809 cum
157 1788 215 1820 per
240 1778 270 1808 se
293 1776 332 1808 ab
351 1777 405 1809 usu
431 1781 605 1819 poetarum
622 1777 785 1815 abhorret,
812 1784 883 1808 tum
899 1777 1003 1809 multo
1019 1780 1122 1820 magis
1137 1780 1169 1811 in
1186 1783 1381 1816 convallibus

67 1835 102 1861 'et
117 1829 204 1861 lucis.
251 1827 405 1859 Proclivis
416 1828 523 1870 itaque
540 1836 571 1859 et
587 1828 652 1870 ipse
666 1829 735 1860 sum
753 1829 785 1859 in
802 1828 975 1861 lectionem
993 1830 1063 1861 cod.
1090 1831 1187 1863 Rom.
1205 1834 1249 1865 Ut
1263 1836 1379 1878 procul,

66 1890 95 1912 ct
112 1881 204 1925 gelido
216 1881 353 1925 secretum
369 1881 503 1923 flumine,
530 1880 616 1911 vidit.
708 1879 783 1912 612.
801 1881 924 1923 promff
936 1881 1012 1912 Exc.
1042 1882 1153 1913 Burm.
1181 1894 1254 1915 cum
1272 1887 1376 1918 Gothi

67 1931 128 1965 sec.
172 1944 237 1963 arce
251 1930 520 1973 Sprot.-—-613.
543 1943 590 1962 nec
606 1942 667 1962 mox
683 1931 819 1962 Oudart.
846 1939 878 1962 et
902 1931 952 1962 ed.
969 1932 1060 1973 Junt.
1105 1945 1154 1965 nec
1168 1947 1231 1967 mox
1252 1937 1297 1968 his
1315 1938 1377 1970 Ed.

67 1985 153 2016 Ven.
196 1992 248 2015 aut
274 1981 359 2013 abest
379 1983 476 2014 Rom.
566 1981 640 2021 614.
665 1983 778 2015 dubitas
795 1984 875 2026 Reg.
922 1996 1019 2015 arcum
1036 1984 1135 2016 Goth.
1149 1974 1223 2018 sec(
1301 1988 1379 2023 616,

67 2035 171 2078 averfiz
194 2032 287 2065 Leid.
334 2033 474 2064 radientia
497 2033 530 2064 in
557 2033 667 2065 multis
693 2034 847 2076 scriptum
875 2044 924 2076 ap.
953 2034 1076 2073 Burm„
1097 2043 1133 2067 ut
1159 2044 1191 2068 et
1207 2038 1276 2070 aliis
1291 2039 1380 2073 locis.

67 2086 220 2130 resonantia
242 2083 370 2125 conjicit
388 2084 439 2115 vir
453 2084 567 2116 doetus
582 2096 619 2116 ex
635 2085 723 2117 Iliad.
753 2098 783 2124 er,
813 2094 849 2125 13
867 2086 908 2116 τὰ
923 2085 943 2115 δ’
958 2086 1101 2129 ἀνέβραχε
1117 2086 1242 2120 δαίδαλα
1257 2092 1379 2130 πάντας

69 2137 131 2168 11οε
146 2136 190 2167 est
206 2135 329 2166 variare
344 2134 452 2173 verba,
469 2145 533 2166 non
548 2136 890 2168 emendare.—-—618.
911 2138 1028 2180 Impleri
1044 2138 1128 2169 Gud.
1144 2150 1204 2181 pro
1221 2141 1286 2174 div.
1301 2143 1379 2179 lect.

69 2196 105 2220 et
119 2187 176 2219 ms.
190 2186 316 2218 Thuan.
334 2196 384 2229 ap.
400 2186 551 2220 Macrob.
573 2188 605 2218 V
618 2188 681 2220 Sat.
709 2187 740 2220 8.
778 2197 833 2232 per
846 2188 874 2232 s
892 2190 989 2232 verfizt
1003 2189 1063 2222 sec.
1083 2190 1209 2225 Moret-

70 2283 149 2335 sup,
167 2284 213 2321 ad
234 2295 321 2335 547.
372 2282 502 2322 AEneas
521 2296 604 2322 cum
621 2283 691 2322 suis
757 2284 824 2322 sub
840 2284 969 2322 arbore
998 2287 1206 2326 consedisset
1233 2291 1380 2337 AEneaS‚

70 2336 111 2373 in
130 2337 212 2374 luco
226 2333 446 2372 consederat.
501 2336 589 2385 607.
619 2335 693 2372 Re-
757 2349 842 2374 ecce
862 2336 984 2374 Venus
1002 2338 1096 2376 adest
1124 2350 1159 2377 et
1187 2354 1285 2380 arma
1315 2357 1379 2396 ap.

69 2387 170 2438 liqua
195 2389 304 2438 po'eta
320 2385 511 2437 exequitur
539 2386 607 2426 lib.
637 2386 693 2433 X,
757 2396 890 2438 portat.
910 2388 1094 2440 Compara
1105 2391 1213 2430 Iliad.
1233 2412 1270 2439 σ,
1285 2395 1328 2432 61
1339 2408 1377 2446 ς.

79 2442 150 2487 148
169 2438 248 2489 sqq.
759 2440 850 2484 616,
877 2450 912 2477 et
930 2457 967 2485 τ,
999 2455 1037 2490 3.
1088 2444 1211 2481 m‘mbos
1226 2457 1293 2496 pro
1310 2459 1379 2483 nu-

124 2490 214 2529 608.
244 2487 359 2526 Haud
377 2488 487 2526 dubie
514 2487 639 2534 Maro,
667 2489 693 2527 fi
758 2490 879 2535 bibus,
898 2493 991 2530 aere.
1006 2497 1171 2542 secretum
1185 2495 1292 2535 dofle
1310 2511 1377 2548 pro

71 2540 226 2579 carmini
270 2539 526 2591 supervixisset,
568 2540 694 2579 melius
757 2543 889 2588 solum,
920 2544 958 2581 in
988 2544 1123 2582 secreto
1148 2546 1247 2590 loco,
1283 2549 1382 2597 apud

73 2593 170 2629 hunc
187 2592 307 2629 locum
325 2591 567 2629 constituisset.
611 2593 694 2642 Jam
758 2593 904 2633 flumen.
960 2596 1047 2634 612.
1078 2597 1133 2634 En
1143 2608 1181 2647 p.
1202 2597 1251 2635 cf.
1267 2597 1380 2637 Iliad.

70 2643 190 2694 supra,
224 2643 312 2680 dum
344 2643 505 2681 Evandri
536 2643 694 2694 hospitio
759 2662 797 2688 τ,
835 2659 892 2684 10.
919 2661 975 2686 11.
1028 2659 1103 2685 arte
1125 2652 1292 2700 promffz.
1327 2651 1379 2690 cf.

74 2695 240 2733 utebatur
281 2694 427 2739 AEneas,
471 2708 568 2733 arma
605 2695 694 2732 caelo
757 2697 804 2735 ad
825 2710 910 2747 531.
959 2712 1019 2749 34.

74 2744 220 2796 delapsa
256 2756 530 2791 memoraverat,
575 2759 612 2784 re
655 2745 695 2785 in
809 2749 897 2801 617.
934 2766 1041 2788 aanor(
1061 2760 1147 2800 puto
1162 2750 1299 2790 dietum
1315 2766 1381 2800 pro

103 2795 284 2848 rodigium
337 2796 436 2835 versa
487 2811 563 2848 52⁴¹-
613 2798 693 2850 sqq.
757 2812 918 2845 munere,
945 2811 985 2838 ut
1011 2806 1123 2851 75'525.
1175 2804 1303 2854 expleri
1325 2821 1382 2843 ne-

121 2861 189 2888 unc
222 2848 260 2888 in
289 2847 372 2890 luco
400 2849 447 2888 ad
480 2849 583 2890 Caere
610 2862 694 2890 cum
756 2854 941 2903 quitdonis,
954 2854 990 2895 h.
1007 2853 1169 2906 adspectu
1185 2855 1382 2900 donorum,

1310 2907 1387 2947 feto
