1847 3313
370 298 468 359 430
548 293 601 338 P.
651 276 1036 335 v1RG1L11
1104 276 1510 331 MARoNIS

377 425 469 474 Per
489 423 625 472 ducis
648 417 860 468 Evandri
883 432 1075 472 nomen,
1108 415 1393 477 devidhxque
1416 411 1556 469 bella,
1599 420 1696 473 370

378 520 618 582 Spemque
636 529 810 570 meam)
842 511 1012 575 patriae
1045 525 1156 575 quae
1193 522 1320 555 nunc
1351 505 1478 553 subit
1521 504 1707 553 aemulae

575 603 721 660 laudi,

377 696 536 744 Fidite
559 710 616 740 ne
640 689 859 755 pedibus.
930 676 1071 734 Ferro
1093 685 1360 749 rumpenda
1380 700 1467 748 per
1488 683 1634 731 hostis

379 785 465 833 Est
487 785 579 831 via,
615 781 725 844 Qa
744 779 914 843 globus
929 777 1008 825 ille
1027 778 1185 824 virum
1199 774 1485 823 denfiffimus
1501 785 1701 838 urguetz

381 878 492 925 Hac
517 891 599 922 vos
623 885 669 920 et
694 872 907 919 Pallanta
930 870 1104 918 ducem
1128 869 1282 932 patria
1298 868 1393 915 alta
1412 866 1631 930 reposcit.

381 964 599 1016 Numina
634 965 765 1011 nulla
799 977 1054 1027 premunt:
1101 960 1295 1010 mortali
1337 975 1600 1024 urguemur
1641 957 1704 1005 ab

579 1058 712 1105 hoste
1607 1065 1667 1113 37
1676 1062 1698 1113 5

386 1150 616 1200 Mortales
635 1167 646 1196 t
680 1147 884 1195 totidem
909 1145 1046 1193 nobis
1069 1144 1340 1207 animaeque
1362 1141 1638 1206 manusque.

385 1247 531 1303 Ecce,
567 1242 710 1290 maris
736 1257 909 1304 magna
935 1237 1116 1286 clau-dit
1138 1253 1224 1283 nos
1246 1235 1405 1300 objice
1430 1246 1606 1299 pontus
1628 1251 1640 1281 ε

386 1334 643 1400 Deestjam
662 1347 784 1380 terra
801 1331 944 1395 fugae.
972 1329 1172 1392 Pelagus
1189 1325 1448 1392 Trojamne
1460 1321 1708 1388 petemus?

432 1478 507 1509 370.
532 1469 626 1499 Forte
643 1467 684 1496 Et
696 1466 778 1495 ducis.
825 1464 912 1495 Nam
928 1461 971 1493 est
985 1471 994 1492 t
1024 1462 1082 1492 Vos
1093 1466 1193 1503 precor
1208 1458 1378 1506 &perf-fi
1396 1463 1421 1488 et
1431 1464 1484 1500 per
1500 1457 1526 1487 d.
1543 1456 1583 1487 E.
1607 1464 1713 1484 nomen„

388 1527 552 1559 ——371.
575 1519 663 1548 laudis
679 1516 749 1547 edd.
763 1514 886 1556 aliquot
899 1524 948 1554 ap.
967 1511 1052 1542 Pier.
1080 1518 1113 1542 et
1137 1510 1215 1541 Ald.
1238 1520 1290 1552 pr.
1319 1519 1393 1540 cum
1427 1507 1529 1540 Goth.
1547 1513 1620 1539 tert.

391 1580 467 1611 372.
491 1572 622 1612 rastrienda
647 1578 694 1611 pr.
722 1566 858 1603 Humb„
882 1564 936 1596 sed
947 1567 1034 1605 ferro
1063 1565 1202 1605 rumpitur
1221 1562 1284 1592 via.
1321 1560 1408 1593 conf.
1431 1560 1543 1591 Burm.

394 1624 462 1666 Qo
474 1624 514 1663 gl.
533 1623 630 1652 Rom.

1634 1563 1712 1596 373·

721 1627 794 1658 374.
814 1625 846 1659 p.
859 1628 942 1647 arma
958 1626 1007 1657 pr.
1027 1614 1162 1652 Hamb.,
1183 1624 1222 1644 an
1239 1615 1327 1650 alma,
1345 1611 1452 1653 inquit
1467 1612 1577 1642 Burm.
1623 1607 1714 1650 reprff*

391 1682 437 1704 cat
455 1673 601 1705 Parrhas.
692 1669 769 1710 376.
793 1670 914 1710 nobisque
930 1666 1096 1698 Montalb.
1143 1669 1173 1695 in
1194 1666 1265 1695 nobis
1281 1665 1345 1696 duo
1361 1665 1474 1696 Burm.
1518 1663 1591 1692 nobis
1605 1661 1713 1691 totidem

390 1726 530 1757 Dorvill.
621 1732 697 1763 377.
721 1734 821 1763 magna
836 1721 906 1751 obice
921 1719 974 1749 seu
988 1719 1067 1760 objice
1083 1716 1201 1758 recepit
1218 1715 1392 1747 secundum
1408 1714 1553 1746 Pierium
1566 1711 1715 1745 Heinfius

391 1778 604 1810 vetustiorum
615 1774 761 1806 omnium
774 1771 965 1803 auetoritate
981 1779 989 1800 :
1015 1779 1112 1810 quem
1123 1768 1197 1799 vide
1213 1766 1296 1798 adh.
1307 1765 1328 1799 l.
1349 1773 1382 1798 et
1397 1766 1438 1798 ad
1454 1764 1620 1797 Claudian.
1639 1765 1665 1794 11
1679 1763 1717 1794 in‘

393 1831 530 1871 Eutrop.
560 1838 611 1868 34.
638 1825 721 1856 Edd.
755 1831 786 1854 et
813 1822 907 1853 codd2
940 1827 1076 1857 recent„
1100 1825 1135 1849 ut
1151 1817 1254 1848 Goth.
1267 1824 1343 1855 tres,
1363 1829 1472 1859 magno,
1493 1814 1657 1858 quomodo
1682 1820 1715 1845 et

396 1881 499 1912 Servii
515 1888 609 1912 aetate
625 1875 772 1909 nonnulli
788 1874 950 1916 legebant,
971 1881 1086 1913 parum
1102 1879 1263 1900 memores
1288 1875 1320 1899 et
1346 1869 1390 1899 hic
1409 1875 1442 1899 et
1467 1868 1528 1898 haec
1550 1866 1614 1896 obex
1639 1864 1716 1896 dici.

397 1931 556 1964 Nonnulli
571 1931 651 1961 adeo
661 1929 753 1970 magni
768 1924 939 1956 emendare
958 1921 1032 1953 ausi.
1056 1921 1122 1952 vid.
1139 1921 1230 1952 Serv.
1244 1928 1247 1929 ’

396 1985 459 2017 hoc
476 1985 530 2022 est,
554 1992 664 2016 utrum
681 1993 711 2024 p.
730 1991 770 2011 an
786 1978 933 2020 Trojam.
978 1977 1079 2017 Pelago
1099 1974 1261 2017 Trasamuc,
1281 1972 1369 2015 quod
1394 1971 1492 2003 esset:
1527 1981 1607 2002 num
1633 1968 1716 2000 mari

395 2038 534 2079 Trojam
549 2045 668 2067 novam
685 2034 777 2074 (nam
796 2031 834 2061 de
846 2029 905 2060 hac
921 2028 1042 2070 agitur)
1057 2026 1230 2068 petendam
1246 2024 1307 2056 esse
1322 2022 1466 2066 putatis?
1500 2022 1572 2054 edd.
1597 2019 1712 2062 vulgg.

398 2096 474 2120 ante
493 2086 618 2123 Heins.‚
640 2093 712 2115 cum
729 2090 837 2113 tamen
851 2079 1038 2111 vetustiores
1054 2078 1161 2115 codd„
1182 2076 1267 2119 quod
1278 2080 1310 2107 et
1324 2074 1446 2106 Pierius
1455 2072 1581 2104 monuit
1590 2071 1629 2102 de
1644 2071 1719 2107 suis,

398 2140 578 2171 constanter
593 2137 753 2168 habeant:
779 2135 900 2174 Pelagus
916 2132 1075 2174 Trojamtze.
1120 2128 1189 2160 Nisi
1206 2128 1293 2170 quod
1309 2127 1395 2158 Gud.
1424 2134 1456 2157 ct
1487 2124 1577 2157 Leid.
1597 2123 1716 2164 Pelagus

403 2191 536 2234 ‘IS-ajam.
582 2186 740 2220 Montalb.
774 2184 891 2226 Trojam
912 2184 1068 2225 pelagusne.
1111 2181 1171 2212 Ed.
1197 2191 1247 2222 pr.
1276 2179 1388 2211 Burm.
1417 2179 1539 2219 Pelagus
1564 2182 1714 2206 terrama-tea

399 2243 536 2276 Mediol.
555 2243 672 2282 Pelagos
692 2240 850 2280 ‘Tr-(jamne.
896 2238 998 2267 Porro
1009 2243 1137 2277 petamus
1155 2232 1280 2264 Medic.
1299 2243 1318 2262 a
1342 2241 1387 2263 m.
1405 2230 1467 2261 sec.
1485 2228 1571 2260 Gud.
1588 2235 1620 2259 et
1636 2226 1717 2257 alter

402 2294 543 2327 Mentel.
560 2303 633 2324 cum
647 2291 716 2322 aliis
728 2291 838 2320 Burm.
855 2295 887 2319 et
903 2299 977 2319 cum
992 2287 1114 2327 aliquot
1130 2284 1240 2320 Pierii,
1263 2283 1319 2324 qui
1343 2284 1441 2324 petetis
1467 2291 1504 2312 ex
1535 2279 1607 2310 edd.
1636 2285 1716 2309 vett.

400 2347 510 2383 habet,
532 2344 619 2386 quod
635 2342 709 2373 etin
727 2339 827 2371 Goth.
844 2349 895 2381 pr.
913 2338 1063 2374 occurrit,
1083 2333 1198 2377 reliqui
1207 2337 1319 2376 petatis.
1366 2333 1470 2373 Pelage
1499 2332 1656 2361 Lernamne
1665 2337 1716 2371 pc-

401 2407 486 2431 temus
514 2397 547 2428 h.
578 2407 607 2427 e.
632 2393 814 2430 Arcadiam,
835 2390 899 2429 vel,
920 2392 1132 2421 Pallanteumne
1155 2394 1290 2430 petemus,
1313 2383 1476 2426 ingeniose
1495 2381 1638 2414 tentabat
1661 2381 1716 2424 jo,

400 2449 565 2483 Schrader.
583 2447 617 2477 in
632 2444 764 2476 schedis.

1322 1918 1396 1959 378.
1418 1919 1540 1960 Pelagus
1566 1917 1716 1959 ‘Trqjamne

404 2571 579 2614 pugnata.
636 2572 723 2610 371.
757 2556 870 2606 fitbit,
905 2554 1029 2592 succe·
1097 2551 1203 2590 Num
1233 2562 1331 2588 mare
1361 2549 1448 2600 fuga
1466 2557 1645 2599 peternm,
1671 2557 1718 2581 an

406 2615 479 2657 dit,
506 2612 631 2650 aemula
647 2612 755 2654 laudi,
772 2621 841 2658 qua
858 2608 1032 2644 virtutem
1097 2620 1225 2642 novam
1256 2605 1410 2652 ‘Trcy'am‚
1435 2601 1546 2638 castra
1579 2597 1716 2646 Troja-

405 2676 590 2716 paternam
624 2676 693 2713 ego
729 2661 890 2698 aemulor.
944 2672 1032 2709 375.
1099 2657 1205 2694 rum?
1233 2665 1338 2704 atque
1351 2653 1409 2690 via
1426 2653 1473 2689 ad
1499 2651 1592 2688 hanc
1610 2650 1719 2686 inter-

410 2718 636 2766 Comparant
653 2714 762 2751 iliad.
782 2722 820 2760 φ,
842 2714 927 2761 568.
947 2712 1033 2761 569.
1100 2707 1200 2745 clusa
1217 2707 1281 2750 est,
1307 2705 1404 2741 hoste
1421 2704 1580 2753 objefto3
1607 2702 1719 2738 etob-

408 2779 445 2805 et
463 2769 508 2805 ad
523 2782 557 2805 v.
576 2768 649 2817 376
666 2765 760 2802 Iliad
779 2783 806 2805 ν,
827 2768 914 2812 814.
945 2776 1030 2812 377.
1098 2759 1254 2796 sidentur
1272 2757 1382 2793 castra
1413 2770 1433 2792 a
1460 2765 1559 2805 parte
1589 2752 1718 2802 copia-

409 2821 470 2857 Cf.
491 2820 636 2869 egregia
665 2817 761 2854 difta
778 2815 904 2865 Ajacis
922 2813 1031 2850 Iliad.
1100 2824 1178 2848 rum
1214 2824 1234 2847 a
1265 2808 1397 2845 Turno
1431 2807 1553 2843 relitia
1584 2805 1662 2854 sup.
1682 2819 1718 2843 v.

410 2889 441 2917 ο,
457 2885 530 2923 504
541 2871 635 2921 seqq.
649 2878 685 2907 et
699 2869 809 2906 altera
828 2880 916 2919 734.
946 2866 1033 2916 378.
1100 2863 1188 2902 286.
1215 2860 1356 2905 cf.IX·,
1381 2873 1451 2909 130
1469 2859 1547 2908 sqq.
1600 2857 1719 2914 Mite·

1656 2921 1718 2949 HS,
