1847 3313
328 224 418 275 572
521 209 575 256 P.
614 207 996 255 VIRGILII
1044 207 1444 257 MARONIS

326 344 424 392 Tot
449 342 645 406 Phrygii
667 340 881 388 cecidere
904 340 1012 387 viri.
1071 340 1242 389 Procul
1264 341 1473 406 Ornytus
1498 340 1642 390 armis

325 434 511 498 Ignotis
536 445 581 478 et
606 448 729 495 equo
753 442 948 477 venator
973 429 1151 494 Iapyge
1176 428 1350 477 fertur:

327 526 419 572 Cui
442 525 581 588 pellis
602 523 720 569 latos
746 523 967 568 humeros
992 531 1154 581 erepta
1171 520 1383 585 juvenco

325 611 585 677 Pugnatori
605 608 790 672 operit;
825 617 971 670 caput
996 607 1158 669 ingens
1175 607 1268 655 oris
1293 608 1448 656 hiatus
1547 609 1641 658 680

326 703 391 751 Et
415 700 556 749 malae
581 711 738 745 texere
762 694 865 758 lupi
887 710 1001 741 curn
1024 694 1245 743 dentibus
1269 696 1402 755 albis,

325 790 630 857 Agrestisque
654 804 818 836 manus
843 800 994 834 armat
1019 786 1193 851 sparus.
1265 788 1370 852 Ipse
1392 790 1594 850 catervis

328 883 541 929 Vertitur
564 881 614 926 in
638 877 824 933 mediis,
849 888 895 924 et
920 889 1022 924 toto
1045 877 1220 924 vertice
1243 877 1383 941 supra
1406 879 1485 926 est.

323 972 475 1022 Hunc
511 970 590 1017 illa
624 979 894 1032 exceptum,
930 984 1084 1032 neque
1117 969 1247 1017 enim
1285 970 1418 1017 labor
1449 970 1642 1034 agmine

523 1059 673 1120 verso,

326 1155 547 1219 Trajicit,
569 1165 615 1201 et
639 1153 777 1217 super
795 1154 900 1200 haec
925 1153 1123 1221 inimico
1137 1155 1323 1218 peetore
1346 1154 1496 1202 fatur:
1545 1154 1634 1216 685

330 1247 472 1294 Silvis
496 1259 559 1303 te,
597 1246 859 1306 Tyrrhene,
883 1245 1002 1293 feras
1025 1247 1203 1309 agitare
1226 1247 1399 1308 putasti
1425 1247 1443 1294 ?

322 1338 535 1386 Advenit
555 1336 639 1400 qui
668 1335 814 1383 vestra
835 1334 935 1383 dies
958 1336 1273 1384 muliebribus
1297 1337 1443 1386 armis

370 1497 447 1538 677.
469 1500 593 1541 Ornytus
613 1496 720 1535 re&e;
735 1495 884 1539 ’'oenum-053
908 1494 949 1528 fic
959 1505 1087 1538 quoque
1104 1496 1202 1528 Rom.
1226 1495 1395 1527 Donatus:
1420 1497 1556 1527 Ornatus.
1602 1496 1639 1527 ln

327 1550 421 1584 codd.
442 1551 508 1581 fere
539 1551 655 1582 Ornitus
673 1561 683 1580 .-
719 1547 821 1590 sicque
837 1547 909 1580 edd.
927 1554 1009 1580 vett.
1059 1550 1103 1578 At
1121 1547 1203 1579 Pier.
1228 1547 1261 1579 in
1274 1547 1328 1578 sua
1344 1546 1495 1578 inveniffe
1512 1547 1640 1578 videtur

326 1601 641 1647 Orphitus.-—b78.
679 1602 797 1644 Ignotus
830 1600 915 1632 Gud.
975 1601 1111 1644 Hyapige
1139 1599 1249 1643 paffim
1275 1599 1367 1630 codd.
1397 1606 1428 1630 et
1455 1599 1527 1631 edd.
1558 1606 1641 1631 vett.

325 1654 436 1697 Iaspide
460 1663 507 1695 pr.
525 1652 641 1683 Hamh.
686 1651 788 1695 lapide
809 1650 863 1683 alii
889 1650 974 1693 apud
995 1652 1105 1682 Burm.
1135 1649 1175 1681 cf.
1193 1649 1260 1691 sup.
1286 1650 1326 1680 ad
1342 1660 1374 1682 v.
1401 1659 1472 1689 247.
1563 1648 1638 1681 682.

326 1703 405 1743 683.
430 1702 616 1747 Agr-ssffque
640 1701 751 1733 Heins.
797 1702 969 1744 Agrfiique
998 1702 1128 1742 Hugen.
1169 1700 1258 1744 palus
1287 1700 1389 1734 Goth,
1421 1706 1512 1738 tert.,
1539 1699 1639 1730 inter-

326 1755 446 1798 polate,
467 1765 527 1797 pro
548 1755 668 1799 sparus.
715 1762 851 1784 catervas
866 1755 908 1785 V.
926 1755 954 1784 in
968 1752 1071 1784 medias
1097 1751 1221 1793 aliquot
1237 1751 1324 1783 Pier.
1341 1759 1371 1783 et
1389 1753 1492 1794 Sprot.
1539 1751 1638 1782 Vzfior

327 1811 356 1838 in
371 1819 407 1838 m.
427 1806 535 1848 Bigot.
576 1806 611 1849 est
627 1805 660 1836 in
670 1803 733 1835 fine
744 1803 830 1835 abest
846 1803 970 1836 Medic.
989 1814 1008 1834 a
1020 1814 1064 1834 m.
1081 1813 1130 1845 pr.
1223 1801 1294 1840 684.
1313 1815 1362 1834 nec
1377 1805 1445 1834 enim
1461 1802 1524 1833 duo
1536 1802 1638 1838 Goth.

327 1871 360 1890 α.
373 1858 444 1904 fuso
459 1868 517 1900 pro
529 1868 596 1888 var.
614 1855 690 1888 least.
709 1854 842 1886 Oudart.
935 1854 975 1886 68
977 1863 1008 1894 5.
1022 1853 1115 1897 super
1129 1855 1180 1885 hoc
1195 1854 1320 1890 Franc.,
1332 1853 1424 1884 male.
1463 1852 1516 1883 Est
1527 1853 1634 1884 enim:

328 1913 392 1944 baec
403 1911 497 1954 fatur
517 1909 619 1954 super,
650 1906 790 1948 insuper,
810 1905 1035 1939 zora—*686
1060 1906 1154 1937 Silvis
1179 1913 1207 1936 et
1232 1906 1330 1937 Rom.
1379 1905 1516 1944 Silvisne,
1535 1906 1572 1937 Τ.
1598 1906 1637 1938 ad

327 1961 590 1993 membranarum
604 1958 732 1990 suarum
742 1956 840 1988 fidem
856 1957 975 1999 recepit
993 1956 1132 1989 Brunck.
1153 1955 1251 1997 (conf.
1287 1956 1365 1987 Not.
1391 1966 1423 1997 p.
1455 1964 1474 1995 5
1481 1957 1546 1999 30),
1571 1967 1637 1990 non

328 2013 413 2046 male
423 2028 431 2044 z
454 2012 552 2044 modo
568 2021 633 2043 non
649 2017 791 2041 metrum
806 2008 950 2047 violaret.
996 2008 1086 2040 Tum
1102 2020 1135 2039 ne
1149 2008 1321 2040 sexcenties
1336 2008 1367 2038 in
1385 2007 1638 2050 interrogatione

328 2061 671 2102 omittitur.——-687.
694 2073 761 2106 quae
777 2061 878 2093 v.dies
895 2060 1034 2093 Oudart.
1065 2059 1154 2103 nestra
1177 2060 1258 2091 Ven.
1294 2059 1373 2102 fides
1396 2058 1506 2101 Bigot.

380 2202 469 2250 677.
516 2201 668 2250 Ortgytus
696 2209 741 2236 ex
775 2196 950 2235 Etruscis.
1017 2196 1071 2235 vs.
1091 2209 1178 2248 247·
1232 2196 1322 2234 682.
1349 2196 1476 2244 Sparte:
1489 2208 1502 2231 .·
1535 2195 1636 2233 rusti·

330 2252 380 2291 cf.
399 2252 488 2290 686.
540 2257 643 2288 armis
659 2255 777 2302 ignotis
795 2265 806 2294 ;
850 2248 952 2286 novis
1017 2261 1100 2285 cum
1119 2249 1230 2286 telum
1247 2246 1285 2283 in
1313 2248 1461 2285 modum
1481 2247 1564 2297 pedi
1584 2260 1638 2284 re-

331 2305 368 2342 h.
387 2304 430 2348 l.,
447 2313 487 2340 ut
505 2302 618 2346 Serv.,
636 2300 871 2345 inconsuetis,
896 2300 951 2338 in·
1016 2313 1184 2342 curvum,
1219 2298 1338 2348 inquit
1371 2300 1473 2336 Serv.
1508 2298 1558 2336 cf.
1590 2298 1636 2336 ad

332 2354 524 2393 solentiore
538 2352 679 2404 specie:
701 2366 782 2389 nam
797 2351 952 2390 habebat
1015 2352 1156 2389 Sallust.
1175 2350 1289 2388 Catil.
1320 2353 1368 2401 56
1397 2353 1477 2401 (59)
1505 2359 1541 2387 et
1559 2349 1636 2387 Ne-

330 2406 478 2445 exuvias
505 2405 601 2443 tauri
633 2417 699 2458 pro
735 2404 882 2441 thorace
916 2413 953 2440 et
1016 2412 1092 2454 pot.
1110 2401 1354 2454 Epaminond.
1371 2415 1408 2453 9.
1452 2402 1637 2449 683.Ver-

333 2459 462 2497 sinum
482 2457 558 2509 lupi
575 2470 640 2509 pro
657 2456 771 2506 galea.
788 2455 837 2493 cf.
858 2455 950 2497 VII,
1016 2461 1114 2499 titur,
1166 2454 1340 2497 versatur,
1397 2456 1633 2503 ἆνκςξέφεται.

333 2512 423 2549 666.
451 2510 540 2560 667.
594 2508 698 2545 Talis
717 2508 837 2558 Argus
853 2507 947 2557 apud
1018 2507 1106 2554 684.
1130 2516 1311 2555 exceptum,
1330 2504 1468 2542 infidiis
1482 2504 1638 2542 circum-

333 2563 511 2613 Apollon.
545 2560 579 2605 I,
614 2572 702 2609 324.
725 2571 811 2609 325·
867 2558 949 2596 Per·
1016 2568 1179 2600 ventum,
1196 2556 1248 2594 ait
1263 2556 1378 2599 Serv„
1410 2567 1450 2595 ut
1468 2556 1544 2607 sup.
1564 2556 1636 2601 VI,

336 2627 456 2664 peram
474 2612 625 2650 loricam
640 2624 684 2649 ex
698 2610 800 2648 corio
819 2610 951 2648 saetam
1020 2622 1107 2661 173,
1127 2608 1186 2646 sed
1204 2609 1266 2649 est,
1297 2608 1475 2658 assequuta
1493 2607 1637 2659 fugien-

333 2664 509 2716 intelligit
539 2665 639 2702 Serv,
677 2663 714 2700 h.
748 2662 774 2699 l.
826 2663 953 2714 Iapyge
1016 2670 1102 2700 tem.
1169 2662 1330 2710 Excipere
1380 2674 1399 2696 a
1448 2659 1637 2696 venatione

334 2731 402 2770 pro
419 2716 589 2770 Iapygio,
608 2715 748 2766 Apulo.
774 2713 850 2753 vid.
870 2713 950 2765 sup.
1015 2713 1161 2751 ductum
1181 2713 1218 2752 h.
1247 2712 1291 2755 l.‚
1325 2721 1363 2749 ut
1391 2711 1481 2750 bene
1512 2711 1633 2748 Burm.

1481 2762 1637 2800 monuit.
