1847 3313
393 277 484 339 με
562 274 615 321 P.
681 268 1066 318 VIRGILII
1125 265 1533 317 MAR0N1S

397 405 542 470 Qod
568 405 716 449 vitam
742 417 902 448 moror
924 399 1138 458 invisam,
1162 398 1370 448 Pallante
1392 413 1626 465 peremto,

397 499 604 547 Dextera
623 494 773 542 cauffa
791 505 868 540 tua
888 493 976 547 est;
1002 493 1224 539 Turnum
1241 505 1479 556 gnatoque
1495 493 1713 557 patrique

398 586 561 649 Qam
584 585 755 632 debere
780 584 928 631 vides.
995 581 1185 629 Meritis
1210 593 1345 628 vacat
1369 583 1446 630 hic
1473 583 1563 630 tibi
1591 583 1712 630 solus

399 675 716 737 Fortunaeque
743 672 889 719 locus.
936 670 1046 717 Non
1072 671 1183 717 vitae
1206 671 1379 734 gaudia
1403 688 1567 735 quaero
1583 697 1595 728 ;
1626 676 1717 723 180

400 763 505 811 Nec
531 763 626 809 fas:
666 761 740 809 sed
767 773 877 808 nato
904 760 1063 807 Manis
1089 759 1292 824 perferre
1317 758 1400 806 sub
1425 761 1562 807 imos.

447 899 519 931 177.
545 893 634 937 Qfod
655 893 746 937 vifizm
770 891 914 923 Parrhas.
960 893 1082 922 invitam
1100 888 1257 921 Montalb.
1276 900 1293 920 a
1310 899 1353 920 m.
1378 899 1427 931 pr.
1522 889 1593 929 178.
1616 898 1718 933 gnato-

401 954 457 988 que
480 943 622 976 defendit
657 946 747 982 Pier.,
773 954 848 980 non,
878 951 1117 983 nato.-—179.
1141 943 1235 986 Qem
1263 941 1324 973 sec.
1360 941 1484 973 Moret.
1528 943 1617 987 Qod
1639 941 1721 972 alter

403 998 698 1038 Menag.—-179.
728 995 798 1029 180.
826 997 871 1026 Ut
891 1005 973 1026 nunc
991 993 1243 1035 interpungitur,
1259 993 1366 1036 paullo
1384 994 1569 1035 impeditior
1593 993 1636 1026 est
1650 994 1720 1025 sen-

402 1046 504 1077 tentia
521 1054 552 1077 et
570 1046 741 1077 subtiliorie
768 1045 933 1082 acumjnis,
958 1044 1111 1086 praeclara
1141 1051 1265 1074 tamen:
1290 1043 1356 1076 vid.
1377 1044 1455 1074 Not.
1503 1045 1641 1083 Servius,
1663 1041 1719 1084 qui

405 1096 700 1140 interpondiionem
717 1098 796 1128 hanc
812 1095 1013 1140 agnoscit,s1c
1031 1095 1181 1137 epricat:
1205 1099 1225 1115 “
1244 1095 1333 1126 Nihil
1352 1095 1395 1126 est
1412 1095 1509 1133 aliud,
1527 1096 1612 1137 quod
1628 1093 1720 1138 poffit

403 1148 456 1180 vel
467 1149 569 1181 virtus
581 1157 636 1180 tua
651 1150 701 1180 vel
718 1149 846 1180 fortuna
860 1148 1006 1189 praestare
1028 1147 1115 1188 (nam
1132 1147 1181 1178 his
1195 1147 1288 1178 rebus
1301 1146 1437 1177 videmia
1457 1147 1644 1190 contingit),
1662 1145 1720 1178 nist

403 1207 453 1238 ut,
479 1201 580 1232 occiso
610 1202 738 1238 Turno,
764 1210 795 1232 ct
823 1200 964 1230 vindices
989 1198 1103 1236 filium,
1134 1206 1165 1230 et
1190 1204 1315 1241 patrem
1342 1198 1511 1229 consoleris
1533 1197 1720 1230 orbatum.’'

407 1252 498 1283 Bona
513 1251 679 1290 sententia,
701 1251 765 1288 sed,
780 1250 942 1293 quomodo
959 1250 1064 1281 verbis
1081 1253 1187 1292 poetae
1202 1250 1390 1287 efficeretur,
1407 1249 1519 1280 docere
1536 1249 1652 1281 oblitus
1664 1249 1721 1281 est.

408 1304 463 1336 Ab
475 1304 535 1335 hoc
545 1304 687 1346 profesta
707 1304 924 1346 interpuncstio
941 1309 1020 1334 vett.
1039 1303 1110 1334 edd.
1130 1303 1261 1334 obsidet.
1310 1302 1369 1333 Sed
1387 1302 1480 1333 multi
1501 1302 1591 1333 codd.
1610 1302 1720 1334 Heins.

406 1353 447 1386 fic
471 1353 725 1396 interpungunt:
750 1356 849 1399 Qum
874 1354 972 1385 debere
997 1354 1079 1384 vides
1106 1356 1233 1385 meritis:
1258 1355 1319 1391 V.;
1344 1360 1380 1384 ut
1404 1355 1506 1384 meritis
1531 1352 1581 1391 fit,
1602 1363 1721 1397 natoque

401 1408 548 1450 patrique,
572 1405 627 1447 qui
643 1406 681 1436 de
698 1413 728 1437 te
753 1405 861 1436 meriti
889 1405 970 1435 sunt.
1018 1405 1115 1447 Qod
1141 1404 1270 1435 Heinsio
1298 1414 1425 1445 quoque
1445 1404 1551 1444 judice
1574 1404 1721 1445 praestat3

408 1457 512 1498 ficque
537 1456 635 1487 etiam
662 1457 859 1498 expeditiora
882 1456 953 1487 sunt
979 1455 1051 1486 illa:
1077 1457 1171 1486 Vacat
1196 1457 1241 1487 hic
1257 1455 1402 1496 tibisolus
1429 1457 1620 1499 Fortunoeque
1634 1456 1719 1488 locus„

406 1509 480 1538 Hoc
492 1516 556 1537 uno
570 1514 601 1537 et
617 1515 652 1537 tu
671 1514 701 1537 et
718 1506 847 1537 fortuna
869 1506 1013 1537 conferre
1031 1506 1150 1546 aliquid
1168 1506 1199 1536 in
1216 1516 1269 1536 me
1285 1506 1425 1548 potestis.
1472 1507 1647 1538 Proclivior
1664 1508 1725 1539 ita-

408 1569 471 1601 que
488 1566 520 1590 et
537 1558 600 1600 ipse
625 1558 704 1590 olim
721 1569 808 1589 eram
825 1558 856 1589 in
870 1558 951 1588 hanc
969 1557 1288 1598 initerpu116iionem3
1313 1556 1415 1598 ficque
1429 1557 1561 1588 eandem
1578 1559 1727 1601 sequutus

407 1610 454 1642 est
477 1609 667 1643 Brunckius.
717 1611 811 1640 Nunc
838 1609 952 1640 sentire
970 1608 1050 1639 mihi
1073 1608 1196 1645 videor,
1228 1608 1410 1650 graviorem
1425 1609 1587 1651 magisque
1604 1611 1727 1653 epicam

408 1661 470 1693 esse
486 1660 676 1692 sententiam
693 1673 730 1692 ex
747 1661 858 1698 altera,
879 1661 901 1692 fi
918 1660 956 1691 sic
974 1671 1123 1702 exponaS,
1144 1668 1178 1691 ut
1197 1660 1229 1691 in
1247 1661 1334 1691 Nota
1350 1660 1421 1691 feci.
1468 1663 1555 1691 Tum
1570 1672 1662 1694 vacat
1684 1664 1728 1694 his
1774 1656 1790 1671 ⁸

411 1713 570 1744 Orminus
596 1712 736 1744 malebat
763 1723 812 1754 ap.
843 1714 1076 1749 Burmannum,
1102 1719 1133 1742 et
1150 1711 1182 1742 id
1207 1713 1265 1742 Ge.
1284 1711 1445 1741 Fabricius
1460 1712 1725 1754 ampledhebatur.

400 1766 492 1813 filum
509 1767 613 1806 Sprot.
708 1764 778 1796 181.
803 1765 893 1794 Dura
911 1763 1018 1794 versus
1039 1763 1153 1801 oratio,
1171 1764 1303 1806 peaeserre
1325 1773 1384 1804 pro
1406 1762 1547 1804 perferre
1564 1765 1728 1804 nuntium,

411 1824 444 1848 et
473 1816 603 1858 quidem
631 1815 669 1846 de
694 1815 809 1846 Turno
831 1815 1025 1846 interemto:
1052 1814 1201 1845 namhoc
1218 1814 1420 1844 nuntiaturus
1446 1814 1489 1844 est
1515 1814 1610 1846 senex
1637 1815 1730 1848 brevi-

411 1869 476 1911 ipse
502 1867 661 1899 subiturus
687 1866 756 1897 loca
779 1866 891 1899 infera.
940 1868 1049 1908 Itaque
1077 1866 1213 1907 suspicor
1230 1866 1263 1895 in
1292 1865 1441 1895 Maronis
1463 1868 1648 1908 apographo
1675 1867 1727 1899 hic

411 1919 541 1951 versum
556 1925 610 1949 aut
627 1916 757 1949 defuiffe
775 1925 830 1948 aut
847 1916 989 1948 excidisse
1005 1916 1204 1947 inchoatum.
1250 1914 1404 1956 Supplent
1421 1914 1474 1945 alii
1486 1917 1597 1959 gaudia
1614 1917 1726 1949 sumt-'z

412 1970 452 2001 ab
470 1969 558 2001 hoste
574 1969 738 2000 vindi&ae.
790 1969 871 2010 Qis
886 1968 946 1998 hoc
968 1968 1061 2005 serat,
1088 1978 1161 1998 cum
1176 1969 1252 1997 vitae
1271 1967 1381 2008 gaudia
1397 1967 1635 2007 praecefferint?
1659 1971 1730 2000 Ser..

413 2023 486 2053 vius
512 2028 544 2052 et
567 2020 632 2062 ipse
660 2019 846 2051 substituiffe
864 2019 990 2050 videtur
1006 2022 1144 2050 nuntium.
1191 2018 1310 2048 Saltem
1334 2019 1383 2048 hoc
1410 2018 1462 2049 vel
1483 2020 1547 2051 haec
1569 2020 1731 2064 interponi

413 2073 482 2117 post
499 2082 587 2104 nato:
603 2072 656 2116 sed
679 2080 743 2103 nato
757 2073 806 2102 hoa
826 2072 931 2103 Manes
944 2071 1075 2114 pessel-re
1098 2070 1154 2114 sub
1181 2072 1256 2108 imos,
1296 2069 1336 2100 sc.
1376 2079 1498 2111 quaero,
1538 2079 1570 2103 et
1593 2071 1633 2103 fic
1661 2074 1732 2105 sen..

415 2125 519 2156 tentia
535 2123 654 2165 expleri
677 2130 824 2164 poterat:
851 2124 911 2160 hoc,
937 2124 1076 2153 AEneam
1098 2122 1203 2153 ultum
1220 2121 1279 2152 esse
1294 2121 1455 2153 Turnum.
1501 2123 1543 2154 Et
1568 2134 1652 2155 nunc
1674 2125 1736 2156 du.

415 2175 497 2213 bito,
512 2185 552 2205 an
569 2184 634 2204 non
647 2173 761 2215 legerit
773 2173 812 2204 fic
824 2174 928 2216 Julius
939 2174 1089 2204 Sabinus:
1115 2177 1135 2192 ‘⁵
1153 2173 1212 2204 hoc
1230 2171 1395 2214 fignificat,
1411 2172 1547 2204 cauffam
1564 2174 1733 2217 effe‚quod

413 2228 555 2270 patietur
581 2226 694 2262 vitam,
720 2233 756 2256 ut
781 2225 866 2268 apud
893 2229 1005 2256 Manes
1032 2225 1135 2256 Pallas
1160 2225 1267 2256 videat
1287 2224 1401 2255 caesum
1417 2226 1599 2259 Turnum.'’
1644 2229 1734 2260 Bona

414 2276 593 2312 sententia!
616 2276 670 2307 fed
686 2276 784 2307 verba
800 2277 945 2319 expedita
963 2276 1129 2316 voleba1u3
1154 2287 1190 2307 ea
1206 2283 1314 2307 autem
1338 2276 1484 2318 expedies
1511 2278 1642 2310 admiffo
1668 2281 1734 2312 hocs

415 2372 496 2413 do?
555 2385 639 2425 ¹77·
668 2371 796 2412 Vitam
826 2374 919 2412 mihi
949 2375 1041 2412 adeo
1107 2387 1162 2414 cat
1177 2379 1327 2414 meritis:
1357 2374 1401 2412 ad
1421 2375 1605 2420 meritum,
1631 2384 1671 2412 ut
1688 2376 1735 2412 de

411 2425 569 2469 ,invisam
585 2426 651 2463 effe
668 2427 801 2464 necesse
817 2427 879 2471 est,
904 2436 943 2463 ut
962 2440 1042 2464 eam
1109 2441 1166 2464 me
1190 2426 1412 2465 mereamini.
1469 2426 1562 2463 Haec
1592 2440 1662 2464 una
1681 2440 1736 2463 ra-

417 2490 636 2528 quocunque
671 2477 781 2514 modo
816 2478 1042 2528 abrumpam.
1109 2479 1163 2515 tio
1183 2479 1247 2524 est,
1265 2493 1334 2529 qua
1352 2488 1388 2515 et
1415 2478 1544 2515 mereri
1561 2478 1606 2515 de
1624 2491 1680 2516 me
1698 2488 1735 2515 et

416 2529 476 2567 Ut
492 2539 611 2566 tamen
627 2541 707 2566 eam
733 2528 900 2575 tolerem,
929 2531 1046 2566 cauffa
1112 2530 1268 2568 fortunae
1310 2543 1379 2580 ego
1423 2529 1563 2579 aliquid
1604 2529 1739 2567 debere·

417 2581 466 2619 est
481 2583 621 2618 dextera
637 2591 722 2625 tua3
750 2579 824 2631 spes
841 2581 887 2618 de
910 2581 1047 2618 virtute
1111 2582 1251 2632 poffim.
1280 2582 1357 2619 vid.
1378 2580 1469 2618 Var.
1490 2581 1590 2620 Lea.
1649 2583 1737 2618 182.

418 2641 496 2675 tua,
515 2644 586 2682 qua
611 2630 733 2669 Turni
763 2632 860 2669 caede
877 2632 1047 2670 Pallantis
1100 2636 1170 2683 sed
1191 2649 1314 2684 qmcaem
1334 2634 1372 2671 in
1395 2632 1488 2669 votis
1510 2632 1640 2676 habeo,
1661 2643 1741 2670 nato

419 2683 493 2722 mei
520 2692 671 2720 mortem
690 2695 726 2720 es
745 2683 896 2721 ulturus.
938 2685 1045 2722 Hanc
1109 2689 1278 2736 perferre,
1333 2684 1499 2721 nuntiare
1545 2683 1644 2732 (hoc,
1692 2683 1740 2720 de

420 2735 604 2778 dextram,
627 2734 720 2772 hanc
740 2734 918 2773 ultionem
937 2736 1049 2773 debes
1115 2737 1245 2773 Turno
1277 2736 1429 2774 sumtam
1458 2735 1524 2773 esse
1556 2737 1742 2793 poenam),

422 2795 517 2836 patri
535 2784 693 2836 filioque.
751 2799 835 2837 179.
867 2791 952 2826 180.
983 2788 1048 2824 ‘Ti-
1113 2788 1239 2826 Manes
1251 2788 1321 2838 sub
1349 2794 1451 2825 imos:
1495 2785 1668 2824 nimirum
1701 2784 1740 2823 in

422 2838 677 2890 bifortunaeque
697 2837 750 2877 hic
762 2837 856 2889 solus
872 2838 958 2879 locus
976 2854 1047 2878 ‹va-
1114 2849 1254 2885 morte3
1296 2852 1404 2892 quam
1439 2838 1506 2877 fibi
1538 2837 1638 2876 brevi
1673 2837 1740 2875 ob-

1142 2903 1164 2942 5
1587 2888 1745 2928 eandam
1802 2893 1803 2896 ’
