1847 3313
415 255 826 319 AENEIDos,
872 258 1028 310 ΜΒ.
1076 259 1169 309 lx.
1358 262 1453 326 363

136 394 276 460 Qms
291 395 405 442 alios
431 414 605 454 muros,
639 415 748 461 quae
764 398 867 462 jam
891 398 1016 444 ultra
1038 397 1219 444 moenia
1236 394 1454 444 habetis?

143 485 283 531 Unus
307 485 469 542 homo,
493 498 539 531 et
562 485 735 541 vestris,
758 501 788 530 o
811 484 952 540 cives,
976 483 1187 546 undique
1212 482 1387 547 saeptus

146 565 434 638 Aggeribus,
468 587 618 621 tantas
638 575 808 638 strages
831 575 1007 638 inpune
1029 593 1115 639 per
1133 577 1302 625 urbem

139 662 389 709 Ediderit?
417 661 649 726 juvenum
673 662 855 724 primos
874 675 944 709 tot
963 664 1142 711 miserit
1164 665 1321 713 Orco?
1356 669 1414 728 78
1419 679 1447 729 5

139 751 252 799 Non
277 753 479 799 infelicis
503 753 684 815 patriae,
709 763 1017 816 veterumque
1041 755 1256 813 deorum,

138 842 205 889 Et
229 843 390 906 magni
413 843 578 889 AEneae
604 842 763 905 segnes
789 843 1071 907 miseretque
1092 847 1373 909 pudetque?

137 931 340 979 Talibus
369 931 555 978 adcenfi
575 933 837 990 firmantur,
870 945 917 982 et
941 936 1131 998 agmine
1157 936 1300 984 denso

139 1025 423 1074 Confistunt.
494 1026 681 1073 Turnus
715 1025 966 1090 paullatim
991 1030 1215 1078 excedere
1237 1048 1419 1096 pugna,

137 1116 204 1162 Et
229 1115 429 1162 fluvium
452 1128 633 1178 petere,
655 1132 708 1162 ac
733 1130 928 1179 partem,
952 1134 1060 1181 quae
1077 1119 1287 1183 cingitur
1298 1124 1447 1171 amni.

135 1207 310 1254 Acrius
328 1207 418 1253 hoc
434 1206 611 1252 Teucri
627 1205 835 1254 clamore
854 1201 1131 1254 incumbere
1148 1226 1337 1274 magno,
1362 1226 1448 1275 791

135 1294 202 1345 'Et
224 1297 486 1360 glomerare
508 1311 732 1342 manum:
768 1311 855 1342 ceu
878 1295 1058 1344 saevum
1075 1300 1214 1347 turba
1236 1300 1425 1353 leonem

137 1388 265 1435 Cum
288 1385 396 1432 telis
418 1383 596 1448 premit
619 1384 809 1432 infenfis
831 1409 844 1439 3
876 1399 923 1433 at
945 1389 1133 1436 territus
1154 1390 1252 1448 ille,

181 1527 258 1566 782.
287 1541 395 1573 quaeve
409 1531 488 1562 ultra
512 1529 598 1562 Gud.
624 1536 656 1560 et
669 1528 751 1560 alter
767 1526 906 1562 Mentcl.
921 1531 1065 1564 Pan-has.
1084 1541 1115 1565 et
1132 1533 1241 1568 Franc.
1283 1548 1352 1581 quae
1367 1535 1446 1574 ultre

127 1577 195 1618 jam
223 1581 299 1612 Exc.
322 1583 433 1613 Burm.
476 1594 583 1625 quaeve
597 1582 690 1612 altera
705 1584 808 1613 moem‘a
834 1582 894 1615 see.
925 1584 1049 1617 Moret.
1141 1587 1215 1627 783.
1240 1590 1333 1632 nastris
1359 1591 1447 1621 Ven-

135 1642 151 1660 e
165 1632 258 1675 nostris
280 1634 390 1664 Lutat.
408 1633 447 1664 ad
464 1635 542 1663 Stat.
565 1634 592 1662 11
614 1632 715 1663 Theb.
733 1632 807 1665 620.
852 1637 930 1666 cives
955 1649 970 1666 ο
992 1638 1093 1680 vestris
1115 1638 1278 1671 Montalb.
1371 1640 1447 1680 784.

135 1685 210 1713 tansi
233 1684 334 1716 Goth.
353 1691 426 1715 tert.
518 1682 591 1723 785.
610 1686 700 1725 primo
718 1682 862 1724 juvenum
887 1686 987 1717 Goth.
1000 1697 1050 1729 pr.
1092 1696 1132 1718 tot
1150 1689 1261 1721 dederit
1286 1697 1446 1722 tert.—

137 1732 212 1769 786.
236 1737 338 1767 Nonne
361 1735 478 1767 Medic,
504 1746 523 1766 a
539 1746 583 1768 m.
608 1735 668 1767 see.
715 1735 799 1766 male
823 1737 936 1768 deorum
964 1737 1016 1769 vel
1035 1740 1168 1771 malorum
1195 1741 1280 1773 Gud.
1371 1742 1446 1782 783.

135 1787 165 1815 in
180 1789 288 1829 agmine
302 1799 351 1830 pr.
365 1787 543 1830 Hamburg.
636 1786 711 1829 789.
731 1800 755 1818 e.
772 1796 884 1831 pugnae
898 1791 997 1823 Rom.
1016 1790 1180 1822 Montalb.
1208 1800 1241 1823 et
1258 1801 1321 1824 tres
1334 1804 1446 1827 recen·

137 1837 235 1868 tiores
247 1839 423 1870 Burmanni
439 1849 511 1870 cum
525 1839 625 1872 Goth.
645 1846 719 1870 tert.
811 1849 884 1882 790.
906 1853 973 1884 quae
989 1854 1014 1874 c.
1033 1843 1110 1873 unda
1126 1844 1223 1876 Rom.
1242 1852 1274 1876 et
1283 1844 1337 1876 alii
1348 1847 1445 1888 pier..

137 1889 224 1919 idem
241 1890 364 1920 Medic.
386 1897 418 1921 et
437 1890 544 1921 caeteri
559 1890 746 1922 vetustiores
755 1891 891 1930 Heinfii,
906 1892 1004 1923 etiam
1028 1892 1094 1934 Jul.
1115 1893 1264 1933 Sabinus;
1285 1906 1343 1927 nec
1358 1898 1444 1937 anmi,

134 1941 224 1982 quod
239 1943 421 1984 Naugerius
435 1943 511 1976 Ald.
528 1950 605 1974 tert.
619 1943 742 1983 intulit,
754 1943 811 1974 nisl
827 1944 861 1975 in
880 1945 1109 1976 recentioribus
1123 1946 1201 1986 fere,
1218 1948 1315 1980 etiam
1337 1951 1440 1983 Goth.

134 2001 224 2032 tert„
251 2003 282 2026 et
299 1994 395 2026 habet
411 1995 690 2037 interpretamenti
714 1996 862 2039 speciem.
910 1998 1058 2029 Praetulit
1085 2006 1193 2030 tamen
1225 2001 1374 2033 Heinfius
1404 2014 1441 2038 ut

135 2044 325 2087 elegantius,
345 2057 401 2077 nec
417 2046 582 2077 immerito
592 2058 601 2085 ;
636 2048 736 2089 quaeri
753 2048 849 2078 modo
864 2049 980 2091 potest,
994 2060 1034 2080 an
1047 2052 1140 2081 Maro
1156 2051 1200 2090 id,
1217 2053 1303 2093 quod
1313 2053 1441 2096 elegan-

132 2096 199 2127 tius
210 2096 296 2135 effet,
314 2098 430 2139 ubique
447 2098 651 2129 maluerit.--
661 2107 771 2141 ——791.
796 2101 842 2131 hic
859 2102 980 2133 Moret.
997 2112 1051 2142 qu.
1087 2103 1202 2145 izfistere
1215 2104 1352 2137 Dorvill.

139 2156 213 2188 792.
249 2160 298 2180 ceu
323 2150 446 2180 Poenum
473 2149 556 2190 conj.
586 2148 752 2183 Schrader.
782 2160 799 2182 e
826 2151 903 2190 XII,
927 2161 960 2190 4.
1032 2160 1148 2196 793..
1164 2166 1200 2186 ac
1222 2155 1331 2188 Franc.
1383 2158 1439 2189 ad-

133 2202 248 2231 territus
265 2201 348 2242 Reg-

132 2322 242 2360 φαμεν
259 2313 335 2351 εἶναι
368 2316 581 2366 ἀοσσητῆςας
597 2317 751 2361 ‹inlu-5293

135 2366 195 2402 'Hs‘
214 2383 247 2403 τι
276 2370 390 2415 τεῖχος
411 2370 513 2417 ἄξειον
538 2378 608 2406 etc.
661 2371 749 2419 786.

130 2417 275 2468 >infelicis
298 2425 427 2468 patriae
460 2420 498 2456 in
515 2432 608 2457 nova
637 2419 751 2468 Troja

133 2469 298 2508 redditae.
337 2481 487 2508 velerum
504 2473 649 2515 deorum,
687 2471 751 2508 Pe-

135 2520 292 2567 natium,
322 2534 410 2571 quos
440 2522 526 2559 alias
557 2531 700 2573 patrios,
729 2535 751 2559 a

127 2572 295 2621 :patribus
339 2583 520 2623 acceptos,
565 2574 721 2625 appellat
738 2588 750 2618 ;

130 2622 267 2673 quique
283 2636 377 2661 nunc
388 2626 474 2662 urbe
490 2635 594 2677 capta
608 2626 646 2662 in
664 2625 748 2662 hos-

130 2673 231 2712 ·tium
246 2689 370 2712 manus
387 2677 527 2714 venturi
541 2676 634 2714 sunt.
662 2679 749 2729 788.

134 2724 253 2763 Ornat
272 2727 532 2776 simplicitatem
560 2727 752 2767 Homerici

129 2777 250 2815 4νεὶΐῐιίἓ
269 2774 379 2818 Iliad·
408 2779 440 2830 ζ,
472 2781 556 2819 106·
585 2797 618 2829 ξς
639 2793 725 2830 342⁰

870 2319 957 2371 789.
985 2316 1161 2357 Disceffus
1179 2319 1299 2358 Turni
1318 2321 1434 2372 impa-

815 2369 895 2406 vidi
909 2382 944 2407 et
968 2370 1116 2407 animost
1133 2370 1172 2408 in
1193 2371 1268 2422 ipsa
1286 2373 1372 2423 fuga
1396 2386 1435 2411 e-

814 2421 939 2471 gregie
958 2432 1100 2458 ornatus
1125 2423 1172 2458 est
1193 2437 1203 2466 ;
1232 2436 1297 2460 nec
1315 2433 1434 2462 tamen

816 2472 943 2522 Ajacis
960 2473 1064 2510 illum
1079 2473 1239 2511 nobilem
1249 2475 1434 2514 discessum

818 2524 943 2572 (Iliad.
962 2535 1001 2568 λ,
1021 2537 1094 2582 543
1116 2524 1212 2576 seqq.
1244 2538 1316 2577 555·
1336 2527 1433 2578 sqq.)

815 2575 1016 2626 superatum
1057 2577 1192 2614 dlcam.
1261 2590 1349 2627 790.
1394 2580 1433 2619 A

813 2627 943 2664 dextra
955 2636 1057 2678 parte
1075 2628 1183 2664 castra
1199 2628 1245 2665 ad
1263 2629 1431 2669 Tiberim

813 2678 1079 2729 pertingebant.
1112 2692 1147 2716 ν.
1167 2679 1243 2730 sup.
1273 2680 1365 2732 469,
1396 2693 1434 2720 et

814 2729 891 2767 vid.
907 2730 1058 2767 Excurs.
1077 2728 1133 2766 III
1147 2732 1192 2768 ad
1204 2730 1298 2770 VII.
1343 2747 1432 2784 792.

815 2780 1051 2832 Comparatio
1062 2780 1277 2829 Homerica,
1293 2783 1353 2821 sed
1368 2785 1432 2822 ad-

1285 2836 1432 2874 modum
