1847 3313
463 253 877 311 AENEIDOS,
931 252 1082 301 LlB.
1142 253 1253 302 VII.

1417 271 1482 320 37

157 388 474 452 Saturnusque
495 389 649 445 senex,
682 388 888 451 Janique
912 386 1136 434 bifrontis
1162 388 1341 452 imago,
1385 405 1400 436 1
1417 393 1475 438 80

157 480 404 529 Vestibulo
427 480 700 534 adstabant3
735 480 910 542 aliique
932 479 992 525 ab
1016 479 1200 543 origine
1223 495 1368 542 reges,

154 571 426 634 Martiaque
449 571 512 617 ob
535 571 743 634 patriam
765 570 1026 634 pugnando
1050 572 1238 618 volnera
1260 569 1392 632 paffi.

156 661 409 724 Multaque
431 672 663 723 praeterea
685 659 823 706 sacris
848 660 898 705 in
919 659 1132 722 postibus
1156 676 1304 718 arma,

152 750 344 814 Captivi
367 752 576 815 pendent
598 767 778 809 currus,
816 767 1072 814 curvaeque
1095 751 1294 809 secureS‚

152 841 220 889 Et
273 844 426 890 cristae
483 843 715 906 capitum,

350 932 562 988 claustra,

793 853 841 889 et
925 853 1175 905 portarum

1256 843 1470 907 ingentia

1374 949 1392 979 1
1407 936 1461 996 85

150 1023 452 1088 Spiculaque,
475 1022 729 1086 clipeique,
753 1034 1007 1086 ereptaque
1031 1023 1177 1070 rostra
1198 1023 1386 1072 cariniS.

201 1157 273 1190 180.
288 1158 367 1202 senes
394 1158 504 1188 Franc„
560 1156 684 1199 hisarnis
710 1156 767 1188 sec.
799 1156 954 1190 Rottend.
984 1163 1016 1188 et
1040 1167 1058 1187 a
1087 1166 1132 1188 m.
1161 1157 1218 1189 sec.
1246 1159 1376 1200 Hugc-n.
1398 1166 1473 1189 cum

151 1208 254 1241 Goth.
273 1208 331 1241 sec.

426 1207 497 1239 181.
521 1208 690 1250 vcstibulum
710 1207 841 1238 Zulich.
858 1219 875 1238 a
902 1202 946 1237 m.
978 1218 1026 1248 pr.
1071 1209 1222 1251 adstabant
1246 1209 1289 1240 est
1316 1220 1375 1251 pro
1399 1210 1473 1240 vul-

151 1259 234 1300 gari,
244 1261 363 1304 stabant
388 1262 415 1291 itz
443 1258 646 1292 v.-—-—182.
669 1260 874 1290 Burmannus
891 1261 1066 1302 [Men-tiaque
1093 1270 1133 1290 ex
1163 1260 1275 1291 Servio
1302 1262 1472 1303 cquRo-

154 1319 252 1341 mano
281 1310 408 1353 (Pierii)
433 1317 464 1341 et
488 1309 581 1341 editis
611 1310 760 1341 omnibus
789 1309 963 1351 legendum
993 1310 1112 1341 statuit.
1158 1313 1206 1341 De
1237 1311 1331 1343 editis
1355 1322 1472 1344 verum

151 1361 213 1392 hoc
239 1371 302 1392 non
331 1362 396 1393 est:
421 1372 496 1391 nam
523 1361 557 1392 in
588 1360 637 1392 his
663 1364 713 1404 qui
743 1362 816 1392 inde
844 1361 883 1393 ab
912 1361 1011 1395 Aldd,
1040 1362 1221 1393 constanter
1246 1362 1388 1405 legitur3
1411 1365 1469 1397 etfi

150 1412 343 1444 Benedistus
371 1412 404 1445 in
432 1414 522 1454 Junt.
550 1413 720 1445 emendare
748 1412 880 1455 jufferat
906 1425 973 1458 que.

401 1463 462 1494 Sed
487 1473 612 1499 vereor,
632 1474 672 1494 ne
703 1471 790 1495 totus
820 1465 926 1496 versus
948 1464 1075 1496 aliunde
1103 1465 1136 1495 in
1161 1464 1308 1506 margine
1330 1467 1472 1499 adhaese-

150 1476 206 1508 que
232 1463 344 1495 abeffe.

1034 1413 1155 1444 Malim
1186 1413 1337 1456 equidem
1364 1418 1415 1459 qui
1435 1425 1470 1449 et

149 1516 205 1548 rit.
270 1516 324 1545 An
355 1513 436 1546 alius
459 1519 559 1557 poeta
588 1514 705 1547 dixerit
730 1517 851 1547 Martia
881 1516 1018 1554 vulnera,
1051 1523 1086 1547 ut
1112 1528 1194 1547 arma
1224 1517 1354 1554 Martia,
1378 1520 1468 1562 signa

148 1568 280 1605 Martia,
302 1565 384 1609 dgrii‘oe
406 1566 524 1607 τεύχεα,
547 1566 674 1607 ignoro,
722 1569 812 1611 Reges
858 1567 929 1597 sunt
960 1568 1093 1598 omnino
1122 1568 1213 1609 regio
1234 1568 1388 1610 sanguine
1409 1580 1468 1601 na-

149 1620 175 1651 ti
198 1626 230 1651 et
255 1627 379 1650 veteres
399 1618 522 1656 heroes,
543 1619 674 1653 ἄνακτες.

148 1669 310 1709 .--183.
325 1670 468 1717 sacrisque
492 1669 790 1711 Oudart.-——185.
815 1671 904 1715 castra
931 1670 1064 1702 Oudart.
1089 1681 1148 1714 pro
1170 1671 1301 1716 claustra.

153 1730 330 1766 arreptaque
345 1723 428 1755 ven.

145 1832 261 1872 ovid.
281 1832 376 1872 Met.
396 1832 510 1878 XIV,
530 1834 619 1872 6280
640 1835 709 1881 631
734 1841 771 1870 et

147 1887 238 1936 649)
263 1885 401 1934 adjesta
416 1900 427 1929 3
455 1898 526 1934 qua
550 1884 667 1935 specie
698 1883 769 1921 Sil-

144 1937 227 1973 vani
245 1936 367 1973 herma
383 1935 543 1973 occurrit
554 1936 649 1986 apud
669 1936 770 1973 Bois-

143 1988 287 2025 sardum
317 1997 353 2025 et
379 1987 480 2025 alios.
537 1988 677 2025 Vocem
711 1995 770 2025 vi..

142 2043 258 2089 tisator
281 2052 325 2076 ex
357 2039 477 2075 Accio
501 2038 622 2090 petiit,
651 2039 690 2076 in
708 2052 770 2076 cu-

137 2092 198 2141 jus
232 2089 446 2142 fragmentis
494 2104 551 2141 ap.
598 2091 767 2131 Mam-ob.

146 2142 220 2186 VI,
263 2155 282 2194 5
319 2142 500 2180 occurrit:
544 2143 577 2178 O
614 2144 769 2193 Dimjfi,

136 2205 239 2245 pater
266 2201 393 2245 optime,
436 2195 595 2243 vitfiztor
640 2196 770 2232 Semela

138 2252 275 2297 genitus
302 2247 400 2289 Euie,
434 2255 474 2281 ut
507 2246 597 2284 bene
629 2245 771 2285 Voffius

142 2298 246 2349 legit.
299 2297 422 2346 aliique
438 2297 484 2334 ab
510 2302 636 2348 ortgine
657 2314 761 2348 reges,

143 2350 184 2387 h.
209 2362 243 2385 e.
274 2348 399 2399 prisci.
469 2348 664 2386 Molestum
696 2350 761 2394 est,

142 2400 242 2451 quod
260 2413 344 2437 cum
367 2399 492 2437 Servio
512 2401 559 2436 ad
579 2400 761 2453 Aborigi-

143 2465 231 2490 num
249 2465 387 2489 nomen
405 2450 520 2488 alludi
541 2452 681 2490 volunt.
723 2451 726 2453 ’

200 2504 412 2551 183—186.
462 2503 552 2539 Haec
598 2513 758 2545 veterem

141 2554 377 2592 donariorum
405 2564 440 2592 et
467 2553 692 2602 ἀναθημάτων
721 2556 760 2595 in

142 2607 285 2656 templis
323 2606 433 2644 ritum
470 2606 614 2652 referre,
655 2607 763 2645 facile

143 2656 380 2707 intelligitur.
412 2657 557 2696 Similia
576 2660 656 2697 loca
675 2672 764 2695 con-

140 2709 241 2760 geffit
277 2709 411 2747 Cerda.
501 2710 573 2748 Sed
625 2711 764 2761 praestat

143 2760 252 2803 Statii
281 2758 526 2801 imitationem
543 2762 765 2816 cognoscere

721 1619 770 1649 Sic
797 1619 862 1661 ipse
886 1622 1003 1651 AEneas
1029 1620 1124 1651 toties
1153 1631 1216 1656 rex,
1240 1627 1277 1651 ut
1301 1620 1358 1652 inf.
1386 1631 1463 1656 220.

1391 1672 1468 1705 186.

837 1831 903 1870 lib.
925 1832 1004 1870 VII
1033 1832 1157 1871 Theb.
1184 1847 1353 1886 55-59,
1384 1834 1461 1873 Re-

836 1884 989 1935 spicitur
1023 1896 1142 1922 aurem
1193 1885 1363 1936 inprimis
1394 1904 1459 1925 cm-

833 1937 1003 1984 tzfixorum
1016 1936 1262 1974 habendorum
1272 1951 1349 1975 mos
1359 1939 1456 1988 apud

836 1987 1036 2031 Romanos,
1056 2002 1137 2025 cum
1157 1988 1196 2026 in
1215 1989 1368 2042 fastigiis
1381 2004 1457 2029 non

835 2040 946 2076 modo
976 2041 1209 2090 templorum,
1238 2041 1298 2077 sed
1327 2051 1362 2079 et
1380 2043 1460 2093 pri-

835 2102 997 2128 vatarum
1030 2091 1179 2136 aedium,
1207 2092 1312 2129 affixa
1349 2095 1459 2132 essent

835 2142 959 2180 fiffllia
974 2143 1073 2193 ligna
1089 2143 1362 2196 quadrigarum,
1377 2145 1458 2196 spo-

834 2194 985 2236 liorum,
1013 2207 1210 2235 armorum.
1276 2196 1337 2233 Sic
1368 2197 1455 2237 Liv.

837 2246 1039 2291 XXXIV,
1101 2261 1126 2295 4
1164 2257 1200 2283 et
1257 2248 1304 2286 al.
1359 2248 1456 2288 Plin.

833 2297 1014 2342 XXXV,
1053 2300 1121 2347 46.
1158 2298 1210 2336 cf.
1242 2299 1364 2349 Ryck.
1408 2301 1456 2338 de

829 2350 996 2400 Capitol.
1031 2363 1091 2400 15.
1163 2351 1208 2388 In
1243 2364 1306 2394 eo,
1352 2353 1453 2401 quod

827 2404 931 2452 rostra
961 2415 997 2439 v.
1040 2403 1114 2440 186
1149 2400 1314 2452 subjicit,
1342 2403 1455 2441 histo-

828 2453 962 2490 riarum
995 2453 1082 2489 fides
1128 2465 1202 2490 non
1238 2455 1285 2492 est
1322 2455 1456 2506 depos-

827 2505 971 2550 cenda3
1015 2518 1098 2541 nam
1131 2505 1276 2543 navales
1309 2519 1453 2557 pugnas

827 2556 890 2592 vix
922 2555 1087 2593 fecerunt
1116 2556 1255 2594 Latini.
1320 2557 1452 2596 Poffint

829 2620 939 2645 naves
970 2607 1128 2660 λῃςξικαῖ
1154 2608 1193 2644 in
1227 2608 1354 2646 littore
1384 2623 1451 2660 op-

827 2659 946 2709 prefl'ae
971 2659 1162 2709 intelligi3
1190 2659 1250 2696 sed
1283 2659 1321 2696 in
1353 2665 1448 2712 po'e'-

828 2720 864 2747 ta
897 2710 971 2751 haec
996 2713 1154 2765 ἀκςίβειοι
1171 2724 1247 2750 non
1264 2710 1448 2751 defidera-

830 2771 905 2803 tur.

1376 2817 1447 2868 18}
