1847 3313
382 277 805 336 AENEIDOS,
865 276 1018 326 ΜΒ.
1067 276 1134 326 X.
1316 295 1410 349 479

90 413 297 462 Tranfiit
321 426 367 461 et
390 430 606 477 parmam
628 429 808 472 mucro,
843 415 966 461 levia
987 431 1115 462 arma
1140 412 1360 470 minacis,

88 501 154 548 Et
177 503 404 560 tunicam,
439 502 575 550 molli
593 514 741 549 mater
759 518 902 565 quam
920 514 1111 550 neverat
1134 518 1246 550 auro
1260 526 1274 558 ς

88 591 391 657 Inplevitque
407 594 562 641 finum
585 594 770 657 sanguis
788 611 798 640 :
835 605 940 640 tum
960 594 1058 640 vita
1080 608 1166 657 per
1187 610 1320 641 auras

92 687 326 735 Concessit
350 688 512 735 maesta
534 686 592 733 ad
611 685 786 742 Manis,
809 684 1071 747 corpusque
1092 684 1298 748 reliquit.
1317 686 1410 731 820

90 778 158 824 At
180 793 290 825 vero
314 790 366 825 ut
391 780 573 825 voltum
599 776 719 823 vidit
743 777 989 824 morientis
1014 790 1059 825 et
1081 794 1178 837 ora,

149 889 222 931 817.
247 893 384 926 Tramli:
400 896 471 927 edd.
491 902 568 927 vett.
593 906 643 937 ap.
660 895 745 926 Pier.
764 902 796 925 et
826 894 917 927 codd.
935 905 1024 937 pars:
1057 895 1111 926 sed
1138 897 1238 928 Rom.
1259 896 1413 939 Oblong.‚

92 946 166 971 tum
180 944 304 976 Medic.
325 953 355 976 et
367 945 420 975 alii
435 947 546 977 Heins.
560 947 698 988 ‘Tm-fiir,
723 947 808 987 quod
826 945 945 976 le8mm
967 947 1040 977 inde
1057 958 1074 977 a
1086 948 1263 989 Naugerio,
1311 948 1415 979 Hein-

97 990 141 1021 sio
166 1000 273 1024 tamen
300 995 437 1027 alterum
464 997 494 1028 se
522 996 688 1039 probabat,
711 997 785 1038 quia
805 997 879 1038 jam—
897 1007 926 1027 v.
956 997 1016 1036 785
1035 998 1231 1040 praecefl'erat
1246 998 1284 1029 de
1301 998 1412 1030 hastat

96 1042 223 1087 Trarfiit
239 1048 374 1079 intextum
386 1051 478 1079 tauris
495 1058 572 1091 opus.
618 1049 695 1078 Non
712 1046 873 1078 assentiar.
916 1049 947 1080 ‘T
947 1050 1043 1090 ranstit
1059 1050 1187 1092 proprie
1212 1050 1356 1089 dietunu
1378 1057 1414 1082 et

94 1093 135 1125 fic
151 1094 261 1135 διῆλθε,
283 1105 317 1128 ut
338 1097 449 1139 paffim
473 1099 556 1141 apud
582 1098 778 1129 Homerum.
824 1099 914 1130 media
944 1112 1025 1131 arma
1050 1102 1158 1140 Rom.‚
1187 1101 1294 1133 minus
1318 1102 1413 1134 bene.

93 1146 222 1178 minantis
239 1148 368 1189 quidam
386 1148 470 1181 Pier.
486 1157 518 1179 et
534 1149 631 1185 Ven.‚
652 1148 705 1179 sed
733 1149 829 1179 Rom.
846 1151 956 1187 minaci,
978 1149 1038 1180 hoc
1065 1150 1259 1192 elegantiu53
1283 1160 1318 1183 ut
1336 1152 1416 1184 solet

93 1200 193 1236 poeta
210 1198 342 1229 tertium
354 1209 412 1240 pro
427 1198 563 1230 secundo
576 1199 645 1230 casu
660 1209 780 1241 ponere
795 1210 804 1230 :
845 1211 879 1231 er
894 1201 1040 1243 recepisse
1061 1202 1094 1232 id
1116 1203 1210 1234 video
1227 1203 1416 1245 Cuningha·

97 1255 201 1279 mum.
249 1249 413 1279 Caeterum
427 1248 460 1279 in
485 1249 536 1282 ed.
556 1251 666 1280 Bnrm.
683 1257 748 1281 erat
766 1250 951 1282 distinclzum
966 1267 972 1282 :
1002 1252 1127 1295 ‘Tratfiit
1136 1264 1161 1285 et
1167 1264 1298 1297 parmam
1312 1266 1417 1292 macro,

100 1297 180 1328 levia
212 1310 305 1337 arma,
326 1301 450 1331 minacis.
497 1300 621 1331 Scilicet
646 1300 792 1331 Servium
819 1301 969 1342 sequutus
1000 1302 1055 1341 est,
1089 1304 1142 1345 qui
1158 1315 1325 1347 perperam
1341 1305 1374 1338 h.
1391 1305 1412 1338 l.

99 1356 227 1380 monet:
269 1349 401 1381 minacis
430 1360 522 1382 autem
553 1364 603 1382 non
632 1353 733 1393 Lausi,
745 1352 798 1396 scd
817 1354 934 1384 AEneae.
983 1354 1085 1384 Immo
1099 1365 1175 1385 vero
1191 1355 1294 1394 Lausi,
1317 1356 1417 1398 cujus,

97 1409 172 1430 cum
188 1408 255 1432 tam
267 1401 434 1432 minaciter
451 1402 483 1432 in
499 1403 639 1433 AEneam
654 1402 878 1444 insurrexisset,
902 1404 1087 1436 nimislevia
1103 1406 1188 1439 haud
1205 1408 1299 1439 dubie
1325 1420 1415 1442 arma

98 1458 191 1481 erant
207 1462 327 1493 parma.
371 1454 441 1484 Hoc
465 1464 590 1496 quoque
622 1455 760 1486 Cerdam
784 1455 954 1497 sequutum
982 1457 1088 1490 video.
1136 1459 1274 1490 Ornavit
1304 1468 1413 1492 autem

97 1503 198 1534 Maro
214 1504 388 1535 Homerica
403 1505 491 1536 Iliad.
510 1518 536 1543 v,
560 1515 637 1545 470.
684 1506 848 1538 Caeterum
876 1515 1012 1549 quatuor
1037 1508 1095 1539 hos
1115 1510 1221 1542 versus
1240 1511 1415 1551 817—820

98 1555 232 1586 damnat
248 1556 297 1586 vir
309 1555 422 1587 doelus
437 1563 602 1598 tamquam
613 1567 629 1586 a
642 1567 676 1587 re
689 1563 720 1588 et
737 1557 864 1589 consilio
881 1562 989 1600 po'etae
1006 1559 1136 1600 alienos,
1157 1569 1188 1593 et
1202 1563 1416 1605 infringentes

100 1607 169 1637 vim
181 1615 211 1637 et
228 1607 386 1649 impetum
398 1608 611 1650 reliquorum=
651 1608 761 1640 exmsto
783 1609 869 1640 enim
892 1610 959 1651 jam
983 1621 1040 1652 per
1055 1612 1198 1645 medium
1215 1625 1328 1658 corpus
1343 1616 1415 1649 ense

99 1668 183 1688 nunc
202 1658 312 1699 subjici
328 1674 335 1689 ι
360 1658 457 1690 etiarn
469 1670 615 1701 parmam
627 1666 657 1690 et
679 1659 822 1690 tunicam
839 1660 898 1691 effe
912 1661 982 1693 ense
1000 1662 1214 1703 perforatame
1239 1668 1322 1708 quod
1340 1668 1414 1701 sane

102 1709 272 1740 ridiculum
287 1717 318 1741 et
334 1710 468 1751 puerile.
513 1710 596 1742 Vide
612 1717 733 1748 tamen,
753 1721 794 1741 an
814 1710 896 1741 male
923 1711 953 1743 se
981 1712 1144 1746 sententiae
1161 1716 1311 1756 habeant,
1332 1718 1354 1750 si
1369 1719 1415 1752 ita

99 1771 152 1791 eas
167 1760 388 1793 constitueris:
412 1763 500 1805 exigit
524 1764 638 1794 AEneas
654 1762 737 1805 ensem
747 1770 802 1804 per
816 1763 933 1793 medium
955 1764 1080 1808 Lausum
1096 1778 1108 1798 .-
1143 1771 1238 1799 etenim
1264 1769 1415 1812 traaefierat

99 1813 166 1853 erfis
176 1821 308 1855 parmam
324 1821 349 1843 et
365 1815 497 1850 tunicam,
518 1824 544 1844 et
560 1815 587 1844 in
599 1817 697 1856 ped-‘ius
704 1822 923 1856 penetraverat.
969 1815 1094 1847 Scilicet
1115 1817 1240 1860 ‘Tratfiit
1254 1829 1280 1851 et
1295 1831 1359 1851 non
1372 1821 1418 1852 est

100 1867 197 1900 etiam,
217 1863 442 1905 sedjungenda
458 1874 485 1895 et
498 1874 631 1907 parmam
646 1873 673 1895 et
687 1867 808 1896 tunicam
822 1877 830 1903 ;
863 1872 934 1896 tum
951 1864 1057 1897 deficit
1073 1869 1227 1909 particula
1243 1873 1325 1903 Nam
1342 1880 1417 1902 ante

101 1914 221 1956 tranfiit.
269 1914 527 1946 Consentaneum
539 1922 648 1946 autem
670 1924 750 1954 erat,
774 1923 809 1947 ut
825 1919 924 1957 poeta
940 1916 1064 1948 vulneri
1081 1926 1112 1950 et
1128 1922 1225 1952 morti
1241 1922 1420 1954 describen-

105 1965 152 1995 dae
168 1966 411 2003 immoraretur,
429 1966 517 2008 cujus
528 1973 616 1996 tanta
634 1965 682 1996 vis
698 1973 766 1997 erat
782 1966 822 1997 ad
836 1967 981 1998 animum
1000 1970 1109 2000 AEneae
1125 1971 1327 2004 miseratione
1348 1985 1420 2004 mo-

102 2015 253 2047 vendum.
345 2015 419 2047 818.
443 2019 561 2048 „iverat
585 2017 682 2049 Rom.
775 2016 850 2059 819.
865 2019 946 2060 sinus
963 2029 980 2049 a
995 2030 1040 2051 m.
1059 2030 1106 2062 pr.
1125 2021 1242 2053 Medic.
1267 2031 1300 2055 et
1331 2024 1420 2055 Gud.

103 2076 176 2096 eum
193 2066 262 2096 aliis
277 2065 383 2096 Heins.
399 2065 491 2107 (adde
505 2066 604 2098 Goth.
623 2073 688 2098 tert
703 2075 735 2098 et
746 2067 841 2111 Erf.),
862 2068 964 2110 sicque
984 2070 1132 2102 Macrob.
1148 2080 1180 2104 et
1196 2073 1300 2105 Schol.
1318 2076 1415 2117 Juve-

103 2116 167 2147 nal.
185 2117 268 2158 apud
284 2116 410 2155 Heius„
432 2125 527 2160 atque
544 2118 604 2148 hoc
621 2118 723 2159 ipsum
740 2119 889 2150 Heinsius
905 2120 1054 2160 dederat3
1089 2123 1187 2163 quod,
1207 2124 1253 2155 nil
1275 2136 1418 2163 monens,

105 2167 243 2198 mutavit
270 2167 481 2201 Burmannus.
574 2168 647 2201 820.
670 2171 738 2201 Cum
763 2171 834 2214 cqffi't
860 2179 891 2201 et
918 2172 1050 2215 relinquit
1085 2174 1196 2208 Franc.
1222 2184 1254 2208 et
1278 2178 1420 2210 Dorvill.

106 2220 225 2264 Dffceffi:
238 2219 338 2249 Goth.
355 2218 578 2252 sec.--821.
603 2220 723 2252 Lenius
737 2221 841 2255 foret:
867 2224 909 2255 Ut
919 2236 988 2255 vero
1003 2225 1124 2258 voltum.

112 2316 270 2352 nendum
305 2316 377 2360 fila,
421 2317 508 2353 dum
539 2317 576 2354 in
608 2317 728 2356 fusum

796 2319 1063 2369 frequentatum
1109 2323 1270 2362 Etruscis
1313 2323 1416 2365 fuisse

107 2366 344 2417 colliguntur,
364 2368 400 2404 h.
418 2369 504 2405 dum
524 2369 633 2406 lanae
648 2372 730 2409 <410

796 2372 943 2409 constat.

108 2418 148 2455 in
163 2419 262 2455 filum
281 2419 388 2455 dueta
399 2419 436 2455 in
457 2419 535 2457 fuso
551 2421 731 2469 glomera-

44 2507 48 2515 ,
109 2481 180 2507 tur.
221 2469 332 2521 Qod
349 2470 371 2507 fi
392 2470 512 2522 itaque
531 2471 730 2522 Parcaefila

109 2531 257 2558 extrema
270 2522 424 2567 ducunt,
449 2533 548 2568 nent,
562 2523 672 2561 etiam
690 2537 731 2560 ea

109 2572 213 2624 legere
223 2574 313 2610 reffie
321 2573 548 2612 dicuntur.81
560 2588 580 2624 7
589 2586 678 2612 ,tran
692 2582 731 2612 zit

108 2636 154 2660 et:
174 2623 347 2661 describit
365 2639 459 2663 nunc
473 2626 564 2663 tanti
577 2626 731 2664 vulneris

111 2675 259 2712 modum
271 2675 448 2716 disertius.
502 2681 636 2714 minacis
650 2692 730 2728 pro,

109 2727 184 2776 ejus
217 2726 267 2766 sc.
300 2727 418 2765 Laufi.
474 2732 560 2768 818.
590 2728 732 2766 Decens

109 2777 152 2814 in
186 2777 338 2816 Etrusco
370 2780 499 2830 juvene
525 2780 625 2817 vestis
643 2794 730 2817 auro

111 2838 210 2869 texta
224 2845 235 2875 ;
263 2830 360 2881 quod
386 2830 586 2870 vestimenti
617 2845 732 2883 genus

999 2373 1153 2411 Ornavit
1189 2376 1299 2414 Maro
1335 2377 1417 2415 Ho-

797 2422 929 2459 merica
963 2423 1071 2463 Iliad.
1107 2445 1138 2471 v,
1173 2441 1262 2478 470.
1328 2431 1417 2480 819.

799 2478 885 2512 820.
934 2486 1000 2524 per
1029 2493 1147 2521 auras,
1191 2481 1244 2516 ad
1278 2480 1416 2527 Μανιες,

796 2525 876 2562 sunt
897 2525 1096 2565 Homerica
1116 2528 1225 2567 Iliad.
1255 2548 1298 2576 π,
1327 2535 1416 2584 856.

800 2578 894 2636 8573
942 2578 1036 2616 nihil
1070 2579 1249 2630 ampliu33
1296 2584 1418 2621 necin

795 2628 851 2666 his
866 2630 1036 2678 oppositis
1052 2631 1306 2681 argutandurn.
1337 2636 1418 2674 Vita

796 2693 862 2729 pro
880 2680 1015 2725 anima,
1042 2684 1160 2733 ψυχή.

851 2733 918 2768 821
955 2732 1027 2785 seq.
1057 2737 1119 2771 Ad
1155 2734 1420 2776 miserationem

796 2783 943 2833 egregie
972 2785 1062 2824 facit
1080 2785 1155 2837 ipsa
1173 2787 1296 2825 AEneae
1314 2789 1419 2827 mise-

797 2834 908 2878 ratio.
937 2846 973 2873 ct
993 2837 1165 2888 respectus
1194 2839 1360 2886 Ascanii,
1385 2851 1422 2878 et

1303 2891 1344 2929 in
1370 2893 1421 2930 al-
