1847 3313
359 275 477 322 AD
535 270 908 319 LIBRUM
962 267 1072 316 VII.
1305 282 1393 328 133

85 411 202 449 fiebat
229 410 262 447 se
287 421 503 459 camporum
532 405 718 457 planities,
758 403 796 440 in
824 416 895 453 qua
923 401 1095 453 equestris
1128 413 1251 451 pugna
1283 399 1391 436 fafia.

83 472 128 508 In
147 470 290 508 eosdem
310 469 391 506 des:
417 468 551 504 ridebat
567 479 701 516 agmen
721 463 899 514 pedestre,
927 476 1008 500 cuni
1040 462 1084 497 ad
1114 461 1238 497 urbem
1260 471 1393 509 appro-

80 530 302 581 pinquaret:
335 528 402 569 Χῖ,
434 538 651 576 903—907.
707 522 842 559 Castris
870 522 923 559 ibi
947 521 1067 571 positis
1087 521 1202 556 aitero
1220 519 1294 560 die,
1323 519 1392 555 foe-

83 590 173 626 dere
203 599 240 627 et
265 588 464 627 certamine
504 584 674 636 singulari
704 583 802 620 inter
832 583 1002 619 Turnum
1037 592 1071 616 et
1092 582 1248 618 .AEueam
1264 579 1393 615 frustra.

82 649 291 690 constituto,
319 643 558 685 tumultuaria
577 643 738 681 exoritur
755 654 908 692 pugna;
936 654 1046 691 quam
1067 653 1148 677 curn
1170 639 1208 676 in
1224 648 1392 675 neutram

33 707 36 711 ’
82 719 227 760 partem
246 707 412 746 inclinari
428 707 569 743 videret
583 706 735 746 AEneas,
763 702 880 739 subito
900 711 1042 752 partem
1062 699 1242 736 exercitus
1271 697 1317 734 ad
1333 711 1392 735 ur-

83 769 167 806 bem
187 767 473 820 oppugnandam
493 765 682 802 admovet.
736 762 911 799 Tandem
944 761 982 797 in
1015 760 1143 797 eadem
1175 770 1392 808 camporum

82 828 235 878 planitie
254 837 476 865 concurrunt
492 827 643 862 Turnus
659 832 695 860 et
714 823 846 858 AEneas
867 835 993 872 pugna
1018 821 1127 861 sabla,
1157 832 1236 870 quse
1267 816 1395 855 AEnei-

81 888 167 925 dem
181 888 349 926 absolvit.
405 885 519 936 Fugit
534 885 648 922 fracto
663 882 743 920 ense
764 883 912 919 Turnus
929 896 937 918 :
966 880 1141 918 inclusum
1158 880 1191 916 se
1207 878 1308 915 videt
1323 891 1392 915 un—

84 948 196 999 dique
212 962 232 985 a
252 959 387 985 corona
408 944 660 995 speRantium.
715 944 827 992 Atque
844 943 922 978 hinc
947 944 1054 991 vasta
1068 939 1170 989 palus
1190 939 1267 975 hinc
1281 940 1396 975 ardua

82 1012 211 1045 moenia
229 1012 366 1058 cingunt
382 1004 473 1046 XII,
504 1016 590 1054 745.
650 1002 797 1039 Scilicet
815 1001 871 1037 hae
902 1001 981 1037 sunt
994 1000 1135 1049 paludes
1157 999 1395 1040 Laurentinae,

82 1068 129 1104 ad
151 1068 278 1104 urbem
294 1066 402 1115 usque
418 1063 624 1115 produstae:
654 1062 785 1112 quibus
812 1063 976 1098 Laurens
1006 1060 1067 1097 hic
1097 1060 1231 1095 trachis
1261 1057 1395 1094 etiam-

83 1123 170 1165 num
188 1128 308 1165 invius
326 1138 363 1163 et
381 1125 575 1162 inaccess'us
591 1125 663 1161 est:
693 1123 793 1160 idem
813 1132 936 1159 tamen
962 1122 1059 1172 apris
1087 1121 1272 1170 frequens,
1301 1130 1395 1169 quos

82 1187 192 1225 toties
207 1189 324 1239 poetae
340 1195 558 1223 memorant.
586 1197 623 1220 v.
640 1184 792 1220 Cluver.
810 1197 848 1233 p.
868 1183 956 1220 886.
978 1186 1067 1233 887.
1122 1181 1280 1231 Vulpius
1307 1181 1333 1216 l.
1360 1193 1395 1217 c.

83 1260 122 1298 p.
142 1248 201 1298 36.
258 1248 307 1284 Et
321 1246 365 1282 de
385 1246 429 1282 iis
446 1245 518 1294 ipse
536 1246 647 1281 Maro
666 1243 730 1280 lib.
752 1243 801 1285 X,
822 1255 890 1292 107
911 1243 989 1293 sqq.
1004 1253 1101 1292 aper,
1130 1255 1239 1292 quem
1261 1240 1396 1277 multos

84 1320 198 1343 annos
235 1308 382 1355 dffendit
409 1304 514 1354 palus
545 1304 748 1344 Laurintja,
764 1303 870 1352 sil-va
895 1305 1012 1352 ptstus
1045 1304 1247 1338 arundinea.
1305 1301 1397 1340 Erat

82 1365 201 1417 igitur
227 1366 383 1416 paluster
409 1364 470 1401 hic
504 1364 636 1400 tradi-as
668 1362 790 1411 paflim
823 1361 916 1398 silvis
949 1362 1129 1398 consitus:
1172 1360 1225 1397 uti
1245 1359 1396 1397 omnino

84 1440 260 1477 magnam
279 1425 361 1476 agri
382 1422 598 1461 Laurentini
628 1432 770 1472 partem
789 1421 895 1472 filva
925 1420 1139 1459 Laurentina
1174 1420 1396 1471 occupabat.

87 1487 218 1525 Latius
250 1497 374 1524 tamen
407 1499 450 1522 ea
476 1482 742 1534 antiquioribus
775 1481 1002 1531 temporibus
1033 1481 1234 1531 procedere
1254 1480 1395 1517 debuit.

86 1548 143 1585 Ea
161 1548 223 1591 est,
251 1546 298 1583 de
325 1559 395 1597 qna
424 1545 488 1582 lib.
510 1545 566 1581 IV
584 1546 624 1579 V.
648 1545 715 1592 381
747 1542 823 1592 sqq.
845 1541 1076 1589 accipiendi:
1107 1540 1302 1591 Sil-vafuit
1320 1540 1394 1578 late

86 1610 194 1645 dumis
212 1619 312 1658 atque
330 1608 404 1644 ilice
423 1610 527 1655 nigra
553 1605 721 1640 Horrida.
779 1605 848 1640 Per
867 1602 931 1638 has
952 1601 1080 1651 fugam
1101 1601 1262 1639 faciebat
1282 1600 1394 1638 Nisus

86 1667 208 1705 castris
223 1667 378 1718 egress'us
394 1666 438 1702 ad
460 1664 634 1702 interiora
654 1663 735 1699 loca
754 1661 873 1698 versus
894 1671 1036 1698 montes
1065 1661 1244 1702 Albanos,
1272 1669 1309 1696 et
1332 1659 1397 1710 qui

83 1727 129 1765 iis
142 1727 270 1769 subest,
299 1728 418 1763 lacum
442 1725 641 1765 Albanum,
669 1722 715 1758 ad
734 1735 843 1772 quem
864 1720 1019 1758 Latinus
1035 1731 1203 1757 armenta
1222 1732 1300 1756 turn
1321 1720 1391 1756 ha-

86 1787 224 1825 bebat:
261 1786 350 1823 ibid.
376 1799 445 1835 337
467 1785 519 1834 sq.

138 1847 174 1882 A
192 1847 377 1882 Laurento
395 1845 420 1882 fi
434 1844 478 1880 ad
496 1843 675 1881 orientem
687 1842 810 1892 paullo
830 1841 937 1878 altius
953 1840 989 1878 in
1015 1839 1286 1877 mediterranea
1305 1851 1394 1889 pro·-

85 1906 252 1948 cesseras,
281 1907 341 1943 ΙΙΙ
365 1907 408 1943 Μ
431 1906 592 1954 passuum
611 1917 631 1940 a
650 1902 756 1945 mari,
785 1904 862 1952 post
881 1903 956 1939 haec
973 1911 1140 1951 tempora
1154 1900 1188 1936 in
1203 1900 1397 1938 editoioco

85 1968 279 2006 Lavinium
295 1965 340 2002 ab
356 1966 474 2002 AEnea
490 1964 558 2002 fuit
579 1964 787 2000 conditum:
817 1962 895 2000 urbs
923 1973 955 1999 et
969 1964 1079 2010 promi
1096 1962 1124 1996 ⁷52
1145 1961 1298 1996 Lavr'nI
1311 1976 1394 1997 mce-

86 2025 228 2062 niaiib.
250 2026 282 2067 I,
311 2028 399 2076 238.
455 2024 547 2060 Tria
577 2023 640 2059 ista
671 2023 834 2072 passuum
867 2020 983 2057 miliia
1012 2020 1166 2055 redeunt
1192 2017 1239 2055 ad
1260 2019 1395 2056 XXiV

86 2084 212 2127 stadia,
240 2098 318 2134 quae
337 2084 545 2121 Strabolib.
559 2084 611 2125 V,
628 2097 664 2132 p.
688 2095 761 2133 350
776 2083 803 2119 B
817 2092 854 2118 et
876 2080 1027 2130 Dionys.
1045 2080 1079 2121 Ι,
1110 2079 1155 2129 56
1172 2089 1395 2116 memorant.

87 2145 125 2181 A
156 2146 277 2182 Roma
311 2145 437 2182 aberat
467 2144 580 2181 millia
610 2143 772 2193 passuum
801 2143 888 2179 XX.
946 2140 1026 2177 Sita
1046 2140 1130 2176 urbs
1152 2140 1205 2175 ἐπὶ
1225 2142 1311 2189 λόέῳ
1335 2141 1399 2177 τινὶ

89 2218 151 2256 ap.
173 2204 329 2255 Dionys.
352 2206 385 2246 Ι,
406 2219 449 2255 45
464 2232 473 2246 ,
501 2204 572 2240 five
593 2204 693 2241 collis
710 2203 738 2239 is
756 2203 839 2245 fuit,
868 2202 904 2238 in
920 2214 991 2251 quo
1011 2213 1106 2237 nunc
1130 2200 1167 2236 S.
1197 2199 1399 2237 Petronellae’

78 2270 211 2320 fanum
231 2266 294 2306 est,
324 2278 357 2299 v.
376 2266 528 2301 Cluver.
551 2278 588 2313 p.
613 2267 701 2313 894,
731 2263 789 2299 seu
809 2275 879 2299 non
900 2262 1009 2310 longe
1026 2259 1070 2296 ab
1091 2259 1161 2295 hoc
1179 2259 1263 2295 loco
1279 2259 1400 2303 collis,

90 2326 154 2376 qui
174 2338 269 2362 nunc
288 2325 405 2362 Monte
423 2326 459 2360 di
472 2324 614 2360 Levana
631 2324 847 2373 appellatur.
902 2321 960 2357 lta
974 2318 1182 2357 Holstenius
1196 2318 1373 2355 statuebat
1389 2331 1398 2354 :

91 2399 130 2422 v.
145 2384 258 2433 Vulp.
279 2384 304 2420 l.
320 2383 346 2419 l.
366 2396 399 2432 p.
420 2396 458 2432 31
484 2391 520 2418 et
537 2382 598 2419 86.
653 2382 797 2418 Ibidem
830 2380 892 2418 alii
917 2393 983 2430 pro
1003 2389 1129 2415 vetere
1149 2377 1307 2415 Lavinio
1334 2378 1399 2414 ha-

90 2445 247 2482 buerunt
274 2442 489 2493 oppidulum
528 2444 677 2479 Patrica
712 2442 768 2479 vel
789 2443 954 2482 Punica,
982 2437 1079 2489 quod
1100 2438 1194 2474 Miz>
1219 2438 1335 2487 passus
1353 2437 1401 2475 ab

93 2517 139 2543 eo
158 2504 250 2541 cone
265 2503 373 2540 abest.
435 2502 480 2539 [is
500 2502 657 2551 Vulpius
678 2501 846 2537 baeu-nus
873 2497 1121 2536 accedendum
1142 2497 1333 2539 statuebat,
1363 2510 1401 2535 nt

92 2565 145 2602 ibi
163 2564 251 2601 lucus
270 2563 390 2599 Patris
404 2562 460 2598 vel
478 2563 590 2610 Jovis
611 2563 776 2611 Indigetis
790 2560 889 2598 fuiffe
904 2558 1072 2596 videatur
1087 2572 1098 2601 ;
1127 2558 1193 2594 esse
1219 2557 1315 2593 enim
1333 2569 1400 2593 no-

93 2635 176 2659 men
196 2634 217 2658 a
232 2623 340 2658 Patre
356 2620 528 2670 Indigete
544 2622 687 2658 dueum]
705 2635 713 2656 ε
743 2634 808 2658 nec
831 2621 943 2670 longe
970 2617 1085 2654 abesse
1107 2617 1246 2654 fontem
1262 2616 1400 2654 Numi-

93 2682 144 2724 ci,
172 2682 216 2719 ad
233 2695 338 2731 quem
356 2681 555 2719 Lavinium
573 2684 674 2719 situm
695 2681 795 2718 fuisse
817 2694 888 2717 uno
905 2693 968 2716 ore
987 2691 1114 2716 omnes
1141 2679 1303 2715 tradunt.
1351 2678 1399 2714 In

94 2745 188 2782 hanc
217 2743 341 2779 urbem
374 2742 485 2778 delati
518 2743 595 2780 sunt
623 2743 779 2780 Penatus
798 2740 983 2788 Trojani:
1027 2751 1062 2774 v.
1084 2737 1157 2787 sup.
1180 2739 1257 2775 To.
1280 2737 1332 2780 11,
1361 2751 1400 2788 p.

99 2817 192 2857 3o3‚
218 2803 256 2842 in
275 2802 466 2841 editissima
484 2804 586 2842 collis
600 2813 720 2855 parte,
749 2814 785 2842 et
812 2801 963 2853 quidem
978 2798 1134 2837 Veneris
1164 2798 1287 2840 Frutis
1308 2810 1405 2839 tem!

409 2892 430 2921 s
1331 2858 1410 2909 plo,
