1847 3313
397 333 484 382 132
738 316 1240 365 EXCURSUS
1295 315 1371 363 III

395 454 472 492 fim.
528 455 588 492 Ita
606 454 684 492 Dio
703 462 739 491 et
761 453 909 490 Tzetza
940 460 1133 499 excerptuS
1158 463 1195 500 p.
1221 462 1283 487 21.
1318 462 1365 498 42
1396 447 1574 497 Ααῦςεντον
1592 445 1630 484 τὸ
1647 440 1706 483 nai

393 515 509 564 Τροίαν
526 517 703 561 λεγόμενον.
760 511 924 563 Appian.
945 511 981 548 in
1004 511 1192 560 Excerpto
1211 523 1257 546 ex
1276 507 1409 546 Photio
1429 506 1527 544 Cod.
1545 519 1587 557 57
1604 505 1706 542 littus

395 576 626 614 Laurentum
655 585 691 612 et
711 588 813 611 oram
835 573 1057 610 maritimam
1073 571 1228 619 ”frojam
1247 570 1381 607 dietam
1401 581 1592 620 perperam
1624 579 1709 604 nar-

396 646 465 674 rat.
524 636 619 673 Satis
639 637 686 672 est
707 635 816 672 semel
835 633 880 670 de
897 635 966 670 hoc
981 632 1162 670 monitum
1183 632 1262 668 effe.
1295 644 1330 667 v.
1353 631 1450 682 inpr.
1470 627 1603 678 Vulpii
1615 627 1707 665 Vet-

398 697 485 733 Lat.
507 696 618 733 Tom-
640 695 710 737 VI,
739 709 775 745 p.
802 707 840 743 ¹3
859 693 956 743 seqq.
988 691 1058 729 Sed
1074 702 1110 728 et
1128 702 1270 728 veteres
1285 690 1407 740 paffim
1427 689 1636 739 scriptores,
1666 695 1706 724 ut

398 754 532 792 Strabo
549 755 601 798 V,
627 768 666 803 p.
687 767 760 804 330
780 753 822 790 B.
849 755 907 802 (p.
939 751 1031 802 229)
1059 750 1246 797 Troianos
1273 749 1431 799 egressos
1453 748 1569 785 statim
1591 745 1709 784 Lavi-

398 815 498 854 nium
518 814 714 852 condidisse
734 813 852 850 aiunt.
907 812 1057 849 Nomen
1073 810 1200 859 Troja:
1216 823 1261 846 ex
1276 808 1388 845 Livio
1404 808 1482 856 jam
1496 816 1623 844 notum
1642 806 1712 843 effe

397 876 529 926 potest,
554 874 621 912 lib.
643 876 677 917 I,
702 886 714 911 ι
739 873 784 910 ab
804 872 926 910 Sicilia
945 871 1036 922 claſjf}
1055 871 1254 908 Lam-cmm
1271 884 1392 919 agrum
1410 869 1539 918 tenugffi'
1552 881 1565 904 :
1596 864 1715 916 Trqjae

397 947 429 972 et
449 936 526 973 huic
543 935 606 973 loco
620 950 729 972 nomm
756 936 814 984 ιβ.
867 932 926 969 Ibi
950 933 1068 981 egraeffffi
1085 930 1250 981 Trojam'.
1309 931 1479 979 (Qatuor
1498 941 1519 964 a
1537 926 1630 964 mari
1649 927 1715 963 sta-

400 995 469 1032 diis
489 995 545 1033 seu
567 996 683 1046 passus
704 994 924 1045 quingentos
945 1006 1024 1028 eam
1045 990 1173 1027 distare
1199 989 1398 1038 Dionyfius
1432 986 1561 1035 adjicit
1591 985 1658 1023 lib.
1680 986 1715 1028 Ι,

404 1069 468 1107 53,
498 1056 593 1093 unde
613 1057 709 1092 recte
729 1053 912 1102 Virgilius.
932 1052 1029 1093 vll,
1058 1054 1127 1101 158
1148 1053 1280 1098 primas
1299 1053 1335 1086 in
1352 1049 1467 1085 littore
1482 1048 1581 1095 sedes
1605 1045 1714 1084 dixit.

405 1116 539 1154 Strabo
573 1116 687 1158 enim,
717 1114 779 1165 qui
798 1114 864 1151 lib.
885 1113 937 1154 V,
965 1125 1004 1161 p.
1027 1124 1118 1161 229,
1148 1110 1281 1147 XXIV
1310 1108 1421 1145 stadia
1447 1115 1643 1147 memorat,
1670 1104 1719 1141 de

403 1178 592 1214 Laurento
610 1175 786 1226 loquitur,
814 1187 887 1210 non
906 1173 952 1210 de
971 1169 1097 1220 Trojae
1125 1170 1204 1207 fitu.
1234 1169 1284 1207 cf.
1309 1169 1465 1206 Cluver.
1491 1181 1530 1217 p.
1561 1169 1652 1208 880,
1679 1173 1719 1203 et

402 1235 562 1286 Vulpius
581 1237 604 1273 1.
626 1248 659 1272 c.
680 1248 719 1285 p.
740 1247 789 1284 40
810 1233 887 1283 sqq.

458 1295 582 1332 Locus
601 1293 662 1331 hic
681 1307 701 1330 a
713 1291 889 1341 Trojanis
904 1300 1030 1340 captus
1046 1288 1275 1339 munitusque
1296 1288 1463 1337 (χάξακα
1481 1286 1590 1323 ἔθεντο
1605 1283 1720 1323 etiam

405 1355 564 1404 Dionys.
586 1355 619 1398 I,
649 1353 736 1404 53),
765 1365 874 1404 quem
895 1350 1037 1402 Trqjam
1057 1365 1184 1387 novam
1214 1349 1400 1399 appellant
1431 1347 1643 1398 scriptores,
1670 1346 1720 1383 est

405 1416 452 1458 is,
493 1429 602 1466 quem
635 1416 747 1465 poeta
777 1414 854 1451 fere
890 1415 1072 1461 cqffimwn
1100 1409 1248 1446 nomine
1277 1421 1319 1445 ac
1348 1407 1500 1445 notione
1536 1407 1720 1458 designat,
1736 1419 1741 1422 ·

407 1488 593 1525 quemque
622 1475 769 1510 Turnus
807 1479 1000 1523 oppugnat
1035 1469 1100 1506 lib.
1133 1470 1204 1506 IX.
1258 1468 1491 1517 Τειχομαχία
1521 1468 1720 1505 castrorum

410 1536 643 1574 Achivorum
673 1543 817 1584 partem
844 1530 971 1569 Iliadis
1000 1529 1186 1568 constituit
1208 1528 1459 1579 insigniorem.
1515 1527 1589 1565 Sed
1609 1529 1723 1566 Maro

411 1596 560 1635 similem
578 1607 739 1644 pugnarn
754 1594 920 1630 locorum
936 1592 1000 1629 sltu
1016 1590 1176 1628 variavit
1188 1591 1378 1641 praeclare.
1433 1588 1469 1624 A
1484 1588 1613 1626 dextra
1628 1601 1722 1626 moe-

409 1658 473 1696 nia
492 1656 538 1694 ad
558 1668 701 1692 amnem
724 1652 988 1704 pertingebant
1021 1651 1109 1699 (IX,
1129 1650 1204 1700 469
1222 1664 1299 1687 nam
1318 1651 1461 1686 dextera
1479 1652 1629 1698 cingitur
1645 1664 1720 1686 am-

410 1722 490 1766 ni),
519 1729 629 1768 quam
647 1724 792 1766 partem
811 1714 962 1751 Turnus
982 1711 1020 1748 in
1034 1711 1154 1748 castris
1173 1711 1400 1761 interceptus
1433 1709 1574 1759 petiiffe
1592 1718 1722 1760 putan-

412 1779 480 1816 dus
499 1778 547 1815 est
564 1778 618 1825 (v.
641 1788 715 1825 790
732 1774 867 1810 *Turnus
880 1771 1069 1823 paullatim
1088 1772 1243 1807 excedere
1258 1781 1390 1820 pugna,
1418 1770 1466 1806 Et
1487 1771 1648 1819 fluvium
1661 1780 1724 1820 pe-

412 1851 484 1878 tere
502 1854 543 1876 ac
557 1847 706 1887 partem,
735 1850 809 1885 qua>
828 1837 979 1884 cingitur
1010 1835 1157 1878 amni);
1196 1830 1280 1868 inde
1306 1830 1403 1867 enim
1438 1829 1528 1866 sein
1553 1829 1725 1868 Tiberim

413 1900 505 1939 saltu
522 1895 689 1935 immittit
715 1909 750 1931 v.
771 1897 858 1945 815.
915 1894 960 1931 In
981 1891 1151 1942 proximo
1170 1890 1342 1928 subducta
1360 1899 1440 1926 erat
1456 1889 1568 1926 elaffis
1591 1889 1728 1938 Troja-

414 1974 563 2002 norum,
592 1970 731 2009 aggere
747 1955 864 1993 cineta
880 1965 917 1992 et
936 1954 1050 1991 fluvio
1063 1962 1141 1990 tuta
1166 1954 1239 1995 IX,
1256 1952 1304 1989 68
1321 1951 1373 2002 sq.
1394 1951 1550 2001 Clffm,
1577 1967 1653 2002 quae
1671 1950 1725 1988 la-

415 2025 482 2060 teri
500 2023 680 2071 castrorum
694 2019 859 2067 ctrffimffla
877 2013 1025 2057 latebat,
1052 2012 1246 2063 Aggeribus
1251 2014 1386 2061 stptczm
1402 2014 1525 2048 circum
1539 2013 1727 2060 etfluvia-

418 2080 506 2118 libus
524 2081 621 2116 undis
641 2077 810 2113 Invadit.
867 2073 928 2111 Ab
961 2073 1076 2109 altera
1107 2081 1211 2122 parte
1246 2083 1348 2108 mare
1367 2079 1469 2113 erat3
1509 2083 1595 2107 nam
1622 2081 1730 2120 prota-

418 2140 614 2178 castrorum
625 2138 785 2185 proxima
795 2144 893 2183 ponto
910 2140 1222 2169 commemoratur
1254 2130 1327 2172 IX,
1349 2131 1438 2179 238.
1469 2128 1520 2165 cf.
1543 2129 1650 2166 Serv.
1680 2128 1728 2166 ad

418 2214 454 2237 e.
471 2200 498 2236 l.
519 2209 555 2235 et
575 2196 621 2234 ad
639 2195 732 2237 VII,
763 2207 824 2244 31.
881 2194 972 2230 Erat
992 2202 1115 2228 tamen
1145 2203 1297 2239 campus
1324 2188 1422 2226 inter
1440 2202 1541 2226 mare
1559 2198 1596 2225 et
1614 2189 1730 2226 castra

419 2259 503 2297 satis
523 2267 668 2309 patens,
696 2266 768 2304 quo
781 2252 911 2290 Rutuli
930 2250 1076 2288 ordines
1093 2249 1278 2299 explicare
1296 2258 1334 2285 et
1352 2247 1480 2284 urbem
1509 2260 1731 2298 oppugnare

420 2327 607 2371 poterant.
661 2315 762 2352 Nam
780 2310 937 2359 Trojani
955 2324 1119 2347 murorum
1133 2313 1168 2345 in
1182 2309 1431 2358 partestm'stra
1444 2310 1609 2357 opposuere
1626 2312 1730 2345 aciem

421 2389 495 2417 etc.
512 2377 588 2419 IX,
614 2376 705 2426 463.
762 2374 819 2410 Ex
836 2373 907 2409 hoc
925 2371 1091 2408 locorum
1112 2369 1177 2406 fitu
1195 2369 1304 2405 etiam
1340 2367 1547 2405 illustranda
1574 2369 1623 2405 est
1650 2367 1732 2405 Nifi

420 2448 461 2477 et
479 2436 632 2488 Euryali
646 2436 819 2473 nocturna
839 2431 1030 2482 profeffio.
1059 2444 1095 2467 V.
1118 2428 1164 2466 ad
1180 2428 1246 2466 lib.
1269 2428 1339 2470 IX„
1370 2441 1453 2479 195.

474 2499 564 2538 Non
587 2498 700 2546 longe
720 2508 740 2531 a
759 2493 880 2531 castris
900 2492 953 2528 his
973 2500 1009 2528 et
1035 2504 1055 2527 a
1075 2489 1208 2527 Tiberi
1239 2488 1360 2526 versus
1390 2487 1572 2525 orientem
1604 2485 1731 2524 aberat

425 2560 645 2599 Laurentum,
664 2568 718 2593 »reo
731 2554 813 2591 loco
833 2554 952 2594 fitum,
980 2551 1042 2602 qui
1062 2564 1156 2587 nunc
1173 2551 1322 2587 Paterno
1342 2558 1379 2585 et
1397 2547 1504 2585 Torre
1526 2549 1564 2585 di
1583 2549 1733 2584 Paterno

425 2629 594 2662 vocatur,
624 2627 664 2655 ut
691 2616 824 2653 docent
854 2614 1009 2650 Cluver.
1038 2612 1122 2648 Ital.
1149 2619 1225 2647 ant.
1258 2623 1297 2659 p.
1333 2611 1404 2659 883
1428 2617 1464 2644 et
1482 2621 1527 2644 ex
1556 2607 1733 2644 Fabretto

423 2680 582 2729 Vulpius
597 2679 687 2715 Vet.
706 2677 790 2712 Lat.
810 2674 885 2711 To.
905 2673 978 2716 VI,
1006 2686 1042 2722 p.
1062 2685 1124 2721 29·
1179 2671 1324 2707 Locum
1342 2669 1379 2705 S.
1395 2669 1549 2704 Lorenzo
1568 2666 1630 2703 alii
1644 2679 1731 2716 per-

425 2753 552 2791 peram
574 2735 751 2775 Laurenti
766 2733 920 2783 vestigia
939 2731 1074 2769 habere
1089 2730 1338 2768 crediderunt.
1411 2727 1471 2764 Ad
1500 2727 1628 2764 urbem
1660 2726 1733 2763 iter

426 2800 561 2836 lEneas
579 2797 664 2835 fecit
684 2794 830 2846 agmine
850 2792 894 2830 ad
914 2792 1059 2833 laevum,
1077 2804 1097 2827 a
1109 2789 1369 2838 septentrione,
1385 2786 1651 2829 circumducto,
1664 2798 1732 2836 per

427 2860 534 2898 saltus
553 2867 590 2894 et
608 2857 724 2894 clivos
745 2853 839 2891 filvis
860 2854 922 2890 illo
937 2861 1101 2900 tempore
1116 2849 1294 2887 confitos:
1314 2847 1508 2898 dequibus
1521 2861 1558 2885 v.
1574 2846 1643 2884 inf.
1658 2846 1736 2889 XI.

425 2932 499 2971 513
520 2918 597 2969 sqq.
628 2929 701 2969 522
720 2915 798 2966 sqq.
853 2912 915 2950 Ad
934 2912 1102 2955 dextram
1116 2909 1236 2951 versus
1253 2908 1453 2950 littoralem
1474 2908 1627 2961 plagam
1646 2918 1734 2955 ape-

1615 2964 1734 3003 tiebat
