1847 3313
383 290 484 340 nes
587 278 1088 339 RVIRGILII
1153 280 1560 337 MARONIS

384 423 580 482 OEbale3
613 438 761 488 quem
787 421 1024 487 generasse
1050 421 1203 469 Telon
1222 416 1478 466 Sebethide
1494 414 1710 486 nympha

383 512 569 571 Fertur,
603 514 875 562 Teleboum
901 512 1108 573 Capreas
1132 523 1284 571 quum
1301 522 1445 570 regna
1463 517 1645 555 teneret

386 603 500 672 Jam
523 606 704 655 senior:
739 604 906 668 patriis
925 603 1003 651 sed
1026 619 1122 651 non
1144 613 1190 650 et
1210 600 1338 649 filius
1362 602 1488 650 arvis
1619 604 1714 668 736

389 700 676 756 Contentu3‚
710 696 920 760 latejam
943 708 1050 743 tum
1073 694 1255 743 ditione
1276 694 1528 758 premebat

390 787 607 839 Sarrastis
631 787 854 851 popuIOS,
887 796 934 833 et
957 801 1074 849 quae.
1089 783 1214 848 rigat
1237 799 1430 846 aequora
1454 784 1643 844 SarnUS,

392 881 591 948 Qique
615 878 788 926 Rufras
812 876 1131 939 Batulumque
1154 886 1318 922 tenent
1341 885 1482 939 atque
1496 890 1607 923 arva
1624 876 1720 923 Ce4.

593 971 764 1028 lennae,

389 1062 459 1114 Et
478 1080 597 1129 quos
621 1062 854 1112 maliferae
876 1052 1148 1124 despectant
1174 1059 1356 1106 moenia
1379 1058 1597 1107 Abellae:
1623 1072 1721 1122 740

388 1154 664 1205 Teutonico
687 1154 781 1203 ritu
807 1151 931 1200 soliti
955 1163 1173 1215 torquere
1194 1151 1398 1206 cateias;

433 1306 511 1339 734.
532 1300 655 1343 genug‘ffk
680 1298 813 1341 Hugen.
860 1297 973 1334 Telum,
1007 1297 1127 1334 Thekn,
1159 1303 1192 1328 et
1219 1297 1358 1336 Sebetide,
1391 1296 1556 1334 Sedethide‚
1594 1288 1722 1328 Sebretia

392 1351 439 1390 de,
460 1352 637 1390 Sebethide,
662 1350 828 1388 Sebthride,
853 1350 1032 1388 Suberetide,
1052 1349 1194 1387 leboecide,
1217 1349 1358 1380 monstra
1385 1348 1632 1391 depravationis.

395 1410 472 1442 735.
497 1405 609 1447 Capras
634 1401 778 1433 Dorvill.
823 1403 942 1444 Capreis
971 1401 1077 1432 Schol.
1108 1400 1255 1444 Juvenal.
1274 1401 1314 1431 ad
1337 1401 1402 1431 Sat.
1430 1401 1478 1438 X,
1500 1399 1741 1440 72.-——736.··

389 1457 488 1497 patris
504 1456 590 1496 Reg.
626 1454 682 1497 sed
697 1465 749 1484 non
758 1451 824 1493 jam
837 1453 920 1484 Pier.
939 1452 1073 1494 aliquot,
1089 1460 1120 1483 et
1137 1452 1257 1494 recepit
1269 1454 1426 1484 Catroeus.
1461 1451 1528 1492 jam
1542 1464 1594 1482 non
1610 1460 1637 1482 et
1654 1453 1725 1483 Zu-

392 1504 523 1537 lichem.
615 1511 691 1542 737.
706 1502 772 1543 jam
787 1503 855 1533 dum
872 1503 913 1531 W
917 1502 967 1534 itt.
1013 1503 1125 1534 tenebat
1141 1502 1266 1533 Medic.
1285 1513 1359 1533 cum
1374 1512 1492 1544 magna
1506 1501 1598 1533 codd.
1617 1509 1722 1543 parte.

393 1557 445 1587 Ex
462 1558 540 1588 AEn.
559 1555 587 1592 1,
609 1553 673 1593 236
689 1560 722 1584 et
741 1553 805 1585 622
821 1551 976 1594 irrepsisse
993 1550 1128 1594 putabat
1147 1550 1262 1583 Heins.
1355 1552 1431 1591 738.
1456 1553 1595 1596 Sarrastis
1611 1553 1726 1585 Heius.

394 1618 436 1638 ex
463 1603 699 1637 vetustioribus.
762 1602 875 1644 Vulgo
901 1602 1058 1644 Sarrastes.
1106 1602 1267 1643 Corrupte
1294 1601 1334 1631 al.
1363 1603 1537 1646 Sar-rastra,
1577 1603 1725 1646 Serestus,

393 1658 564 1701 Sarrashis,
583 1657 748 1688 Sarmates.
796 1663 824 1685 et
838 1665 896 1697 qua
907 1655 986 1694 rigat
1001 1653 1098 1683 Rom.
1117 1660 1149 1683 et
1169 1652 1291 1694 aliquot
1309 1653 1424 1686 Heinsf
1442 1665 1515 1685 cum
1532 1655 1630 1686 Witt.
1675 1653 1730 1697 qui

397 1722 425 1741 r.
445 1710 570 1740 Franc.-
581 1714 722 1749 ——739.
748 1706 866 1749 Rufras
882 1704 995 1736 Heins.
1015 1715 1031 1735 e
1048 1703 1286 1735 vetustioribus.
1332 1704 1458 1748 Vulgg.
1484 1707 1595 1750 Rufus.
1639 1708 1727 1737 Tum

395 1760 537 1793 Batulum
549 1760 648 1789 Rom.
660 1765 695 1789 et
713 1757 802 1788 Gud.
816 1767 835 1787 a
850 1766 892 1787 m.
911 1765 964 1798 pr.
1008 1756 1146 1797 Batylum
1164 1756 1288 1787 Medic.
1301 1767 1318 1786 a
1335 1766 1377 1788 ni.
1395 1757 1456 1788 sec.
1500 1757 1642 1790 Batulum
1657 1758 1728 1788 Zua,

394 1811 475 1844 lich.
519 1810 663 1843 Baculum
696 1809 797 1840 Goth.
817 1815 895 1840 tert.
941 1809 1036 1838 Celene
1067 1807 1186 1837 Medic.
1219 1817 1238 1837 a
1268 1817 1312 1838 m.
1342 1817 1391 1849 pr.
1442 1808 1579 1840 Celemnae
1605 1809 1730 1849 aliquot

397 1862 487 1894 Pier.
505 1871 580 1892 cum
597 1859 709 1890 Heins.
735 1857 858 1889 multis.
901 1858 1044 1890 Calemnae
1077 1858 1178 1891 Rom.
1225 1857 1279 1889 alii
1295 1859 1416 1896 Calene,
1437 1860 1582 1898 calennae,
1606 1860 1728 1898 Celenae,⁴

397 1914 534 1945 Cclaenae.
578 1909 687 1941 Etiam
715 1908 818 1940 Goth.
847 1915 920 1939 tert.
948 1910 1054 1951 quique
1080 1919 1172 1940 arva.
1267 1918 1337 1948 740.
1363 1911 1466 1941 maenia
1494 1911 1589 1941 Bella>
1616 1919 1730 1942 omnes

399 1965 486 1998 Pier.
504 1971 537 1995 et
553 1960 664 1994 Heius.
709 1960 835 1992 Scilicet
852 1959 984 2001 antiqua
1011 1959 1186 2001 scrIptura:
1225 1961 1424 1992 maeniabellae.
1469 1961 1530 1993 Sed
1559 1962 1627 2004 jam
1652 1970 1730 1993 ante

398 2016 549 2050 Servium
564 2013 773 2046 emendatum
788 2012 871 2043 fuit:
897 2015 1000 2044 moenia
1013 2011 1141 2044 Abellae.
1188 2011 1349 2054 Pompon.
1365 2014 1501 2046 Avellae.
1551 2016 1586 2045 In
1604 2014 1731 2045 Servia-

398 2069 452 2100 nis
467 2068 567 2100 etiam
582 2063 821 2098 narratiuncula
835 2064 986 2102 occurrit,
1018 2063 1106 2095 Nolae
1132 2063 1275 2105 primum
1290 2075 1308 2094 a
1332 2069 1433 2106 poeta
1454 2065 1545 2096 fuisse
1561 2065 1729 2108 scriptum,

398 2119 458 2153 fed
470 2126 633 2150 mutatum
649 2126 770 2148 nomen
786 2123 920 2158 propter
935 2124 1092 2157 negatum
1121 2114 1178 2157 ipfi
1199 2115 1385 2157 hospitium.
1432 2117 1551 2148 Similis
1566 2117 1672 2149 fabula
1689 2119 1729 2151 de

399 2170 473 2204 loco
492 2173 612 2213 Georg.
631 2171 672 2207 11,
694 2176 938 2208 213.——-741.
960 2169 1091 2212 catheyas
1105 2168 1203 2201 Witt.
1250 2169 1356 2201 catelas
1373 2170 1472 2200 Rom.
1516 2170 1633 2202 catellas
1650 2171 1728 2203 Me.-

406 2223 473 2257 dic.
487 2229 519 2256 et
535 2222 575 2256 al.
621 2229 733 2253 catcnas
748 2219 882 2262 Hugen.

401 2350 494 2401 pho,
519 2357 600 2399 quae
629 2358 699 2385 una
717 2358 762 2383 ex
780 2343 1036 2384 Echinadibus
1101 2343 1277 2383 Teleboum
1295 2360 1416 2397 regna,
1434 2344 1604 2390 insulam,
1621 2354 1732 2396 quam

403 2400 530 2440 insulis
549 2397 764 2437 Acarnaniae
778 2397 928 2448 objectis
945 2407 1037 2442 erat,
1102 2397 1274 2434 Teleboae
1311 2397 1499 2434 incoluiffe
1542 2397 1731 2435 dicuntur.

407 2454 567 2505 Capreas
611 2449 796 2499 occupasse
848 2448 1036 2488 dicuntur.
1102 2450 1286 2499 Sarrastes,
1314 2449 1417 2486 Sarni
1431 2448 1468 2486 fl.
1493 2451 1619 2499 (quem
1640 2449 1732 2487 olim

404 2508 488 2546 Rex
502 2516 629 2543 eorum
647 2500 766 2546 Telon,
783 2513 828 2538 ex
846 2499 1037 2551 Nympha,
1103 2502 1247 2538 Sarrum
1260 2500 1536 2551 pronuntiatum
1546 2501 1613 2537 esse
1624 2512 1733 2551 appa:-

406 2556 555 2597 sebethi
590 2554 693 2592 fluvii
747 2554 795 2590 ad
846 2553 1036 2603 Neapolim
1104 2556 1172 2599 ret)
1190 2553 1335 2591 accolae.
1381 2566 1401 2600 7
1409 2565 1469 2602 39.Ὶ
1489 2565 1734 2604 (equomcam-

404 2611 497 2653 filia,
523 2605 677 2657 suscepit
697 2605 888 2649 OEbalum,
915 2603 979 2654 qui
997 2605 1036 2641 in
1104 2617 1249 2655 porum,
1277 2613 1316 2641 ut
1334 2603 1387 2642 vs.
1404 2617 1492 2654 729.
1546 2617 1634 2655 740.-
1658 2619 1734 2655 quos

404 2661 614 2700 continente
625 2660 706 2694 loca
720 2657 819 2695 circa
831 2658 981 2695 Sarnum
996 2655 1036 2693 in
1102 2658 1288 2706 despeHant
1321 2671 1366 2694 m.
1393 2655 1536 2692 videtur
1563 2656 1675 2692 altum
1693 2655 1734 2693 in

406 2712 578 2764 Hirpinis
606 2720 641 2748 et
672 2709 711 2746 in
741 2718 905 2746 extrema
925 2708 1036 2745 Carn-
1104 2717 1227 2745 monte
1261 2705 1366 2744 situm
1401 2706 1560 2744 habuisse
1575 2706 1646 2744 hoc
1666 2720 1734 2758 op-

408 2765 517 2817 pania
535 2761 744 2812 occupavit.
786 2760 864 2799 vid.
899 2760 936 2797 in
953 2759 1037 2798 eod.
1103 2759 1248 2811 pidum,
1275 2759 1371 2796 unde
1388 2759 1592 2809 prospetstus
1604 2758 1732 2795 eratin
1778 2769 1794 2784 ⁴

409 2815 563 2856 Excurs.
584 2813 698 2854 Vin.
753 2826 774 2866 7
781 2825 800 2863 3
806 2825 841 2864 5.
871 2812 1039 2864 Capreas,
1105 2824 1210 2864 agros
1226 2820 1262 2851 et
1279 2823 1493 2863 camporum
1524 2809 1732 2863 planitiem.

1637 2873 1731 2914 742·
