1847 3313
383 253 477 312 45⁸
584 249 638 297 P.
676 248 1076 298 v1RG1L11

1140 250 1539 304 MARONIS

383 385 526 431 Nunc
552 393 711 429 manet
734 381 970 429 insontem
992 384 1148 446 gravis
1173 386 1353 434 exitus:
1389 400 1468 435 aut
1491 405 1580 455 ego
1597 391 1696 439 veri

383 475 514 521 Vana
537 474 674 519 seror.
711 472 857 538 Qod
881 485 932 520 ut
953 489 983 520 o
1011 475 1168 537 potius
1192 475 1446 526 formidine
1461 479 1574 528 falsa
1601 481 1688 543 631

384 565 557 621 Ludat,
579 577 623 610 et
645 564 692 610 in
717 564 883 612 melius
906 577 1001 623 tua,
1024 567 1107 628 qui
1133 579 1282 630 potes,
1305 568 1406 615 orsa
1426 570 1664 617 reflectas!

382 655 509 702 Haec
536 653 615 700 ubi
641 653 765 699 dicia
786 651 934 709 dedit,
955 652 1081 698 coelo
1105 652 1149 699 se
1171 666 1396 716 protenus
1420 659 1518 705 alto

383 745 539 801 Misit,
564 759 700 807 agens
727 743 935 789 hiemem
959 743 1125 789 nimbo
1146 743 1380 797 succincsta
1404 764 1488 809 per
1510 765 1640 796 auras
1660 774 1674 805 ς

381 836 675 898 Iliacamque
696 835 847 881 aciem
873 848 917 881 et
942 835 1193 881 Laurentia
1215 835 1361 881 castra
1381 837 1568 897 petivit.
1602 839 1692 898 635

385 926 516 973 Tum
541 926 640 973 Dea
662 924 785 971 nube
807 941 921 971 cava
946 937 1137 972 tenuem
1161 923 1257 971 sine
1278 925 1457 971 viribus
1476 926 1697 973 umbram

429 1054 505 1094 630.
532 1057 612 1087 haud
626 1070 673 1099 ego
690 1056 827 1087 Oudart.
857 1063 888 1087 ct
915 1057 992 1087 Exc.
1019 1057 1144 1093 Burni,
1170 1056 1256 1097 quod
1272 1064 1303 1088 et
1321 1056 1423 1098 ipsum
1440 1056 1567 1087 defendi
1584 1055 1698 1098 poss'et.

389 1109 551 1147 ——63L
568 1109 638 1150 [κα
686 1107 824 1138 Dorvill.
873 1110 900 1132 (ὓ

389 1161 471 1205 Qin
487 1172 511 1193 c,
534 1167 577 1195 ct,
599 1160 682 1203 Qu:

386 1220 459 1243 tert.
508 1211 595 1254 Lond
610 1222 640 1241 a!
654 1219 712 1252 opto
729 1220 770 1240 tu
772 1223 783 1241 s
800 1209 865 1240 Erf.

870 1109 958 1151 ,χιιοά
978 1110 1070 1150 utIp.
1097 1080 1183 1139 (wid.
1231 1109 1371 1151 Qisdu
1387 1108 1475 1139 oEd.
1502 1118 1551 1149 pr.
1584 1109 1696 1139 Eurm.

697 1168 777 1196 ιι,εο
802 1165 882 1188 vem
903 1158 978 1192 cdd.
1002 1158 1043 1189 cf.
1075 1157 1159 1190 Picr.

958 1210 1032 1249 634.
1061 1209 1131 1240 Post
1157 1210 1241 1240 hunc
1265 1210 1297 1240 in
1316 1212 1435 1240 Moret.
1461 1210 1520 1240 sec.
1545 1208 1701 1240 retranstus

387 1270 455 1294 erat
472 1261 577 1292 versus
593 1272 630 1291 ex
646 1261 700 1291 lib.
723 1262 786 1298 XI,
813 1269 875 1297 144
893 1261 995 1291 Ordine
1009 1260 1195 1303 flammarum
1221 1269 1246 1291 ct
1262 1261 1318 1290 late
1332 1260 1501 1303 discriminat
1515 1272 1611 1305 agros.

1208 1160 1289 1202 Qin
1307 1169 1337 1189 ut
1360 1158 1460 1188 Goth.
1475 1168 1537 1199 pr.
1572 1159 1629 1188 ultr
1615 1167 1696 1200 rop

388 1316 464 1353 635.
487 1323 512 1344 et
527 1315 567 1345 L.
585 1316 656 1344 teila
672 1311 793 1354 aliquot
812 1312 893 1344 Pier.
940 1311 1009 1342 Alii
1027 1313 1053 1344 Ι.
1069 1325 1096 1343 α.
1117 1314 1192 1355 petit
1207 1321 1233 1343 et
1248 1313 1408 1343 Laurentia
1424 1311 1528 1354 castra.

391 1417 451 1454 Sic
472 1418 550 1455 sane
569 1417 613 1455 T.
636 1435 664 1455 r.
683 1435 724 1455 v.
755 1436 799 1456 m.
843 1419 1008 1468 'uidfi?

390 1470 483 1506 valet
514 1469 627 1512 idem,
663 1470 776 1519 quod,
812 1483 876 1507 cur
907 1471 1009 1506 non?

390 1521 481 1569 quid
507 1521 572 1559 ni?
605 1524 641 1558 τί
670 1523 724 1566 {323
761 1524 786 1559 εἷ
815 1522 889 1565 κα),
920 1520 1011 1571 quid

393 1572 479 1609 mali
517 1572 601 1611 inde
637 1572 798 1610 futurum
832 1574 929 1617 effet,
963 1573 1011 1616 si;

390 1624 555 1674 seditque
581 1626 671 1662 adeo
699 1624 869 1662 sententia
887 1602 931 1661 ad
950 1637 1014 1674 op-

392 1675 566 1713 tativam:
614 1691 636 1714 o
670 1676 719 1713 si!
757 1682 927 1729 grazaris
963 1676 1011 1712 sc.

394 1727 491 1764 dare.
547 1738 625 1766 rata
641 1728 835 1778 eleganter,
853 1727 1014 1785 adeoque

440 1789 563 1829 rpetua
580 1791 614 1816 et
631 1780 784 1831 integra,
806 1778 1013 1817 incolumis.

392 1792 490 1867 iidox
504 1831 536 1867 se
547 1830 658 1882 ipsam
671 1833 859 1868 retrafiat:
889 1829 1015 1867 Enim-

394 1895 494 1926 vero,
531 1899 630 1927 nnnc,
660 1894 771 1921 manet
800 1892 870 1920 etc.
925 1882 1012 1930 630.

396 1936 484 1982 631.
513 1946 574 1972 aut
601 1950 656 1987 ego
673 1933 796 1972 v.nis1
816 1933 1014 1971 admodum

397 1985 518 2025 fallor.
545 1999 565 2022 a
591 1999 674 2022 vero
693 1985 834 2023 aberro.
886 2000 1015 2027 vanus,

396 2036 461 2086 qui
490 2037 554 2074 fibi
572 2050 661 2074 vana
677 2047 712 2074 et
736 2036 858 2074 inania
875 2035 1014 2086 persua-

397 2088 474 2132 det,
504 2104 617 2126 ‘vanus
636 2094 715 2125 ve7i
729 2101 844 2139 graece
862 2088 1015 2131 ditium,

399 2150 439 2176 ut
454 2139 564 2177 fallax
585 2153 675 2184 ieri
700 2140 882 2190 deceptus,
908 2138 1016 2176 falsus

399 2191 475 2228 veri
510 2191 547 2229 h.
582 2204 680 2229 vero.
732 2192 842 2241 Qtod,
872 2190 954 2229 καθ’
985 2191 1015 2234 ὂ,

399 2256 470 2293 qua
488 2243 523 2279 in
546 2256 581 2280 re
599 2254 715 2280 tamen
742 2243 879 2280 utinam
893 2243 1018 2280 frustra

400 2304 556 2332 metuam
572 2306 607 2332 et
625 2294 761 2331 utinam
779 2304 816 2331 tu
830 2294 1016 2332 confilium

401 2346 446 2382 de
465 2346 594 2382 Turno
613 2356 738 2383 mutes.

406 2389 410 2396 ’
454 2398 526 2448 633
545 2397 598 2447 sq.
624 2397 667 2433 In
686 2397 874 2434 fimulacro
892 2396 1017 2433 AEneae

401 2449 594 2491 conflando
640 2448 767 2485 habuit
806 2446 1016 2499 Apollinem

403 2496 660 2546 Homericum,
677 2514 782 2550 quem
802 2500 1018 2550 sequeretur,

400 2553 464 2603 qui
484 2546 740 2590 AEneaeil'Bwao»
770 2551 901 2600 objicit
927 2550 1018 2586 Dio-

402 2604 499 2641 medi
516 2603 622 2640 Iliad.
650 2623 678 2648 ε,
709 2616 783 2653 449
813 2603 864 2652 sq.
912 2601 1019 2638 Euri-

402 2656 481 2701 pidi
510 2656 558 2692 cst
589 2657 716 2704 φάσμα
734 2653 896 2705 pluribus
915 2653 1018 2691 locis.

402 2707 592 2745 Inventum
622 2718 738 2749 autem
767 2707 838 2743 hoc
866 2704 1020 2752 lunonis

400 2772 444 2794 eo
461 2758 627 2808 pertinet,
655 2758 767 2809 quod,
797 2757 821 2793 fi
849 2756 883 2792 ei
903 2765 1021 2812 aperte

403 2810 463 2848 suo
444 2823 527 2861 gam
545 2809 710 2855 sualisset,
726 2806 1022 2852 moxevirifortis

1074 1417 1223 1454 Turnus
1253 1416 1350 1466 fugae
1380 1425 1534 1453 mortem
1566 1424 1715 1465 praetu-‘

1075 1468 1177 1505 liffet.
1193 1468 1245 1506 cf.
1263 1468 1362 1505 Serv,
1383 1468 1429 1504 ad
1447 1469 1535 1515 644.
1552 1466 1615 1503 vid
1631 1466 1699 1505 inf.

1077 1521 1152 1558 666
1171 1520 1249 1570 sqq.
1291 1520 1472 1563 Imitatus,
1491 1519 1550 1555 sed
1567 1518 1699 1563 sobrie,

1076 1571 1186 1608 Silius
1206 1571 1261 1616 X,
1279 1574 1323 1620 83
1339 1570 1408 1620 sq.‚
1425 1580 1460 1608 et
1478 1571 1599 1619 paullo
1617 1569 1699 1619 pin-

1077 1623 1202 1672 guius,
1239 1624 1277 1660 in
1314 1622 1437 1659 fraude
1470 1620 1646 1658 Annibali
1678 1635 1699 1658 a

1079 1676 1221 1724 Junone
1238 1675 1331 1714 fasta
1360 1673 1426 1711 lib.
1456 1672 1591 1716 XVII,
1626 1675 1698 1723 528

1078 1725 1156 1776 sqq.
1159 1739 1284 1777 -572
1319 1725 1371 1775 sq.
1433 1725 1476 1761 In
1507 1737 1580 1775 quo
1615 1724 1701 1761 loco

1078 1778 1190 1814 multa
1203 1791 1247 1815 ex
1265 1779 1338 1814 nost
1342 1790 1381 1814 ro
1399 1776 1566 1826 expreffa
1620 1774 1659 1811 Si
1679 1788 1701 1811 a

1078 1828 1196 1879 prisco
1225 1833 1349 1878 poeta,
1382 1828 1562 1872 Homero,
1596 1826 1702 1863 Hesi-

1080 1880 1154 1917 odo
1168 1880 1223 1916 vel
1237 1879 1410 1924 Pindaro,
1428 1879 1489 1916 hic
1505 1880 1602 1916 locus
1620 1891 1703 1929 pro·

1080 1932 1189 1968 fedus
1208 1931 1313 1968 effer:
1344 1931 1499 1968 dicerem
1520 1929 1700 1976 Junonem

1080 1983 1256 2032 sagaciter
1301 1982 1366 2019 effe
1414 1981 1614 2019 adhibitam
1655 1980 1701 2017 ad

1080 2045 1277 2071 meteorum
1312 2034 1523 2076 creandum,
1551 2031 1701 2083 quippe,

1079 2099 1160 2135 quae
1186 2085 1280 2123 a'eris
1295 2096 1371 2122 erat
1405 2083 1606 2135 symbolum
1636 2097 1701 2120 an-

1080 2137 1190 2186 tiquae
1205 2136 1371 2174 Graeciae.
1426 2135 1494 2173 Sed
1512 2149 1530 2171 a
1548 2135 1702 2172 Marone

1081 2189 1156 2226 haec
1191 2189 1306 2231 aliena
1342 2188 1436 2231 sunt,
1478 2187 1609 2237 quippe
1638 2187 1700 2224 cui

1080 2239 1178 2289 Juno
1197 2239 1344 2290 persona
1371 2239 1517 2290 poetica
1543 2238 1605 2281 est,
1631 2251 1702 2287 qua

1080 2292 1233 2328 caussam
1267 2290 1479 2336 efficientem
1515 2289 1584 2333 rei,
1626 2290 1703 2326 vul-

1082 2343 1160 2401 gari
1179 2343 1289 2380 modo
1308 2355 1381 2379 non
1396 2340 1604 2388 tradiandae,
1621 2341 1702 2377 sub-

1078 2394 1177 2444 jicit,
1210 2394 1479 2432 accommodate
1509 2403 1627 2429 tamen
1655 2392 1702 2435 ad

1083 2446 1290 2495 mythorum
1318 2445 1438 2482 fidem.
1504 2443 1609 2481 mmbo
1622 2447 1704 2493 suc·

1082 2503 1205 2541 cinffla,
1239 2497 1346 2534 nube.
1416 2497 1550 2533 hiemem
1579 2510 1702 2557 agens,

1083 2548 1278 2591 turbinem,
1296 2547 1504 2597 procellam.
1551 2546 1637 2582 Nov
1630 2559 1702 2583 um

1084 2600 1153 2637 hoc
1172 2600 1217 2636 ad
1235 2600 1311 2636 deae
1336 2598 1557 2649 praesentiam
1589 2597 1703 2647 desig

1085 2652 1255 2695 nandam,
1266 2651 1355 2688 sed
1346 2664 1383 2687 m
1401 2653 1598 2698 ἔπιφοινέιαις
1615 2649 1701 2684 deo·

1086 2717 1165 2740 rum
1198 2703 1235 2739 in
1268 2702 1408 2752 templis
1435 2715 1507 2738 non
1524 2700 1698 2737 insolens:

1085 2755 1172 2791 iide
1201 2753 1419 2791 Callimacli.
1438 2754 1476 2790 in
1496 2752 1621 2802 Apoll.
1649 2765 1702 2801 pr.

1086 2817 1120 2845 et
1138 2807 1260 2857 intpp.
1290 2805 1409 2844 Cerda
1426 2804 1549 2842 liudat
1563 2816 1607 2842 ex
1627 2802 1703 2891 ἵζω

1661 2866 1711 2892 er.
