1847 3313
363 317 460 380 630
556 315 611 362 P.
653 313 1040 363 VIRGILII
1091 315 1484 386 MARONIS

365 449 525 513 Qam
550 462 743 513 propter
766 461 919 496 tantos
943 448 1076 512 potui
1100 449 1306 512 perferre
1329 449 1530 509 labores,

365 539 432 587 Et
453 552 584 603 pater
601 540 919 603 omnipotens,
943 553 988 587 et
1010 552 1060 587 tu
1086 541 1303 588 Saturnia
1326 541 1468 603 Juno,

364 631 476 692 Jam
501 632 684 690 melior,
698 633 819 697 jam,
841 633 968 691 diva,
991 649 1176 696 precor,
1197 645 1342 696 tuque
1366 634 1543 681 inclute
1566 633 1681 682 Ma·-

1590 742 1680 791 179

370 811 551 858 CunCta
575 824 658 859 tuo
681 813 764 875 qui
787 813 926 871 bella,
950 826 1098 877 pater,
1122 814 1205 862 sub
1225 815 1418 862 numIne
1441 827 1658 879 torques:

367 902 641 964 Fontisque‚
666 902 947 968 Fluviosque
970 921 1103 963 voco,
1127 923 1333 971 quaeque
1366 908 1574 955 AEtheris
1598 908 1681 956 alti

367 994 574 1058 Religio,
596 1009 642 1044 et
661 1014 768 1061 quse
787 999 994 1047 caeruleo
1016 999 1122 1047 sunt
1146 1003 1340 1048 numina
1360 1013 1537 1065 ponto:

371 1087 568 1135 Cefferit
585 1089 796 1136 Ausonio
815 1089 847 1135 fi
874 1089 966 1137 fors
989 1091 1181 1138 vistoria
1203 1093 1397 1146 Tui-nm

372 1178 624 1234 Convenit,
650 1179 857 1226 Evandri
882 1181 1028 1227 victos
1054 1181 1292 1230 discedere
1317 1183 1375 1229 ad
1399 1185 1595 1239 urbem;

559 739 683 780 vors,

373 1267 523 1314 Cedet
547 1268 675 1315 Iulus
697 1269 820 1332 agris
839 1293 849 1324 ;
886 1286 971 1317 nec
991 1272 1095 1333 post
1115 1288 1247 1318 arma
1263 1273 1357 1318 ulla
1375 1273 1570 1318 rebelles
1595 1289 1610 1320 1
1626 1278 1678 1335 85

369 1356 600 1408 AEneadae
622 1359 837 1418 referent,
861 1360 1041 1408 ferrove
1065 1363 1169 1410 haec
1192 1379 1335 1426 regna
1359 1363 1591 1411 lacessent.

418 1541 492 1572 177.
518 1536 590 1578 §Qu
600 1544 652 1578 pr.
672 1535 731 1566 Ed.
749 1546 797 1576 pr.
814 1535 1091 1575 Burn1.—-—-178.
1117 1537 1256 1568 Saturnia
1272 1536 1391 1577 conjunx
1407 1536 1457 1567 vel
1475 1536 1587 1578 conjux,
1609 1537 1689 1569 duce
1727 1537 1731 1540 ⁷

371 1583 524 1615 Romano
543 1586 688 1617 codicum
709 1597 782 1629 pars
808 1587 853 1629 (et
869 1586 970 1617 Goth.
994 1598 1042 1628 pr.
1071 1599 1106 1618 ae
1123 1588 1210 1631 tert.)
1235 1598 1307 1618 cum
1330 1595 1410 1619 vett.
1440 1588 1521 1623 edd„
1535 1588 1631 1629 usque
1648 1589 1689 1620 ad

374 1635 588 1674 Naugerium,
604 1637 658 1678 qui
675 1639 708 1669 S.
733 1639 817 1680 Juno
833 1638 972 1679 recepit:
998 1638 1091 1680 idque
1111 1639 1292 1681 Oblongus,
1316 1639 1450 1676 Medic„
1472 1646 1504 1669 et
1520 1639 1572 1669 alii
1591 1640 1689 1672 Pierii

372 1687 556 1719 firmabant.
580 1689 677 1718 ctiam
704 1689 823 1720 Medic.
854 1687 1015 1730 Pogginii‚
1046 1689 1099 1720 sed
1130 1700 1208 1720 voce
1238 1691 1321 1733 Juno
1347 1689 1474 1731 punistis
1497 1690 1686 1723 subnotata:

372 1739 477 1780 ficque
494 1739 641 1771 Donatus
655 1741 788 1782 legerat.
833 1740 961 1781 Con-junx
977 1740 1098 1772 iterum
1113 1742 1277 1772 revocavit
1305 1741 1519 1782 Cuningham.
1613 1751 1687 1785 179.

371 1793 476 1824 inclute
490 1790 644 1832 scriptum
665 1801 740 1822 cum
768 1792 887 1822 Medic.
912 1799 943 1823 et
961 1792 1060 1829 Gud.,
1085 1803 1161 1823 nam
1177 1792 1217 1825 al.
1245 1793 1354 1834 ιἠσζγῑε,
1377 1792 1490 1834 quibus
1505 1792 1567 1823 dux
1589 1794 1687 1825 Rom.

385 1873 387 1875 ,
464 1842 538 1875 180.
563 1851 635 1873 tene:
652 1842 750 1882 subn.
769 1842 908 1875 Dorvill.
927 1854 945 1874 a
963 1853 1006 1874 m.
1027 1843 1086 1875 see.
1133 1853 1206 1875 tenes
1233 1847 1282 1888 qui
1308 1856 1338 1874 n.
1369 1842 1470 1874 Goth.
1497 1853 1545 1883 pr.
1588 1847 1691 1878 nomine

371 1894 496 1935 aliquot
521 1893 630 1926 Heins.
725 1892 798 1925 181.
824 1895 869 1925 Et
881 1895 978 1937 fontes
990 1895 1032 1937 fl.
1061 1896 1194 1926 Oudart.
1241 1907 1348 1938 qnoque
1363 1895 1434 1925 Exc.
1456 1896 1565 1924 Burm.
1609 1904 1691 1938 teque

374 1945 508 1979 Zulieh.
599 1944 674 1977 182.
700 1947 741 1976 R.
761 1945 795 1987 est
811 1957 876 1988 quae
892 1945 985 1976 Leid.
1029 1958 1097 1989 quae
1120 1955 1147 1977 et
1173 1957 1220 1986 pr.
1241 1947 1360 1976 Mox-et.
1407 1945 1442 1987 ψ
1465 1955 1492 1976 et
1515 1957 1582 1988 quae
1604 1946 1691 1977 Dor-

373 1999 458 2036 vill„
472 1997 527 2040 qui
549 2004 581 2027 et
605 1999 705 2031 omnia,
721 2003 752 2027 et
780 1996 915 2029 Mentel.
935 2007 986 2038 pr.
1004 2007 1022 2026 a
1038 2007 1082 2027 m.
1100 2008 1148 2038 pr.
1167 1999 1285 2028 nomina.
1378 1995 1449 2033 184.
1475 1997 1603 2028 decedere
1619 2000 1691 2029 Me-

374 2051 438 2083 dic.
481 2049 638 2092 descendere
655 2048 756 2079 Goth.
785 2055 859 2079 tert.
886 2056 918 2079 et
943 2048 1066 2090 aliquot
1082 2049 1194 2079 Heius.
1212 2055 1244 2079 et
1262 2048 1372 2079 Burm.
1416 2048 1545 2078 accedere
1561 2049 1690 2081 Vratiss.

374 2103 413 2135 ab
438 2102 508 2133 urbe
531 2100 612 2130 alter
638 2101 773 2141 Menag.
820 2100 861 2131 ad
886 2099 966 2132 urbes
992 2099 1092 2130 Goth.
1113 2107 1186 2130 tert.
1282 2098 1351 2137 185.
1378 2099 1466 2129 Cedat
1481 2097 1602 2139 aliquot
1618 2099 1692 2131 libri

373 2161 456 2184 vett.
472 2163 522 2194 ap.
542 2151 624 2181 Pier.
651 2150 734 2182 inter
751 2161 831 2191 quos
854 2151 943 2180 Rom
971 2157 1002 2181 et
1023 2157 1160 2192 quatuor
1183 2160 1232 2191 ap.
1250 2149 1358 2179 Burm.
1386 2159 1457 2178 cum
1476 2148 1574 2179 Goth.
1594 2158 1692 2189 tc1·t.;

374 2204 464 2236 idem
479 2203 539 2234 ulla
552 2214 644 2233 arma.
737 2201 809 2232 186.
834 2203 963 2243 referant,
993 2208 1026 2232 et
1051 2202 1183 2248 lacefflznt
1207 2200 1344 2231 Oudart.
1379 2201 1520 2242 ferroque
1545 2202 1631 2234 Gud.
1659 2210 1692 2234 et

374 2266 424 2298 pr.
456 2255 588 2293 Men-ag.
636 2252 760 2294 belloque
784 2262 843 2293 pro
867 2262 934 2282 var.
960 2251 1033 2283 ledi.
1060 2262 1112 2294 pr.
1145 2250 1270 2283 Hamb.
1301 2257 1334 2281 et
1359 2251 1498 2281 Dorvfll.
1543 2264 1591 2284 nec
1603 2254 1693 2296 ferra

378 2305 510 2341 Zulich.
527 2315 545 2336 a
561 2315 606 2336 m.
624 2313 674 2346 pr.
720 2303 852 2349 lacffcnt
867 2303 926 2337 sec.
945 2302 1068 2338 Hamb.

378 2448 499 2486 strido
537 2446 632 2492 ense,
667 2454 850 2497 tamquam
882 2447 1002 2496 perju-

378 2500 475 2537 tium
507 2499 661 2541 ulturus,
682 2498 832 2535 Latinus
862 2497 1003 2548 sceptro

378 2549 550 2602 protenso
569 2558 747 2599 precatur.
783 2563 866 2600 ¹77·
887 2548 1001 2586 Corn-

378 2613 505 2653 parant
535 2602 642 2638 verba
665 2614 710 2638 ex
740 2600 847 2637 Iliad.
867 2619 891 2638 a
912 2602 1001 2651 ᾧὲπι

379 2657 481 2693 ’πόλλῑ
515 2657 678 2701 ἐμόγησα.
738 2655 920 2704 179.jc2m
937 2669 1004 2689 me-

380 2708 456 2749 lior,
505 2704 677 2756 propitia,
724 2704 888 2754 placata:
955 2704 1002 2741 ad

380 2758 517 2796 Heleni
544 2756 723 2794 monitum
747 2755 918 2805 respicere
937 2770 1002 2802 pu-

381 2819 478 2847 tatur
504 2809 581 2859 sup.
615 2808 681 2844 lib.
710 2805 783 2848 ΙΙΙ,
817 2821 891 2860 435·
926 2807 1002 2857 sqq.

386 2862 472 2900 180.
499 2872 622 2913 torques
641 2859 683 2905 h.
697 2859 723 2898 1.
750 2858 858 2910 regi5‚
877 2858 1002 2898 mode-

1070 2445 1175 2489 raris,
1197 2444 1357 2496 proprie,
1387 2443 1512 2487 fleffis,
1547 2451 1587 2479 ut
1613 2455 1695 2480 cur·

1069 2510 1161 2534 rum.
1209 2511 1221 2534 1
1232 2501 1291 2535 81.
1311 2512 1444 2547 quaeque
1459 2495 1613 2532 AEtlteris
1630 2494 1698 2531 alli

1070 2549 1210 2600 Religio.
1266 2547 1436 2584 Variavit
1466 2546 1692 2590 orationem5

1069 2600 1106 2638 h.
1141 2599 1326 2636 AEtherem
1360 2599 1504 2635 invoco.
1561 2597 1599 2633 Si
1627 2610 1695 2633 nu-

1069 2664 1151 2688 men
1169 2651 1202 2687 ei
1228 2651 1289 2695 est,
1308 2650 1332 2687 fi
1353 2649 1519 2699 religiose
1545 2649 1692 2690 colitur,

1067 2702 1177 2740 etiam
1214 2701 1426 2753 religionem
1459 2700 1601 2737 aetheris
1627 2700 1695 2736 esse

1067 2754 1199 2792 necesse
1226 2754 1297 2790 est:
1327 2753 1412 2790 hinc
1431 2751 1532 2789 suum
1558 2767 1694 2802 quaeque

1066 2815 1136 2843 etc.
1183 2804 1302 2855 petiit.
1361 2807 1445 2852 184.
1492 2805 1663 2859 Convenit·
1678 2817 1692 2839 :

1068 2859 1245 2905 σύγκειται
1261 2873 1272 2903 3
1310 2863 1533 2894 conventum
1555 2855 1628 2941 exig
1654 2867 1691 2890 m

1631 2918 1691 2950 oc,
