1847 3313
427 301 520 362 qs
768 296 1410 346 EXCURSUSIV

426 424 554 469 duxit,
591 439 674 464 cum
712 423 930 476 insigniores
965 422 1063 461 inter
1098 424 1287 463 Romanos
1320 425 1514 476 scriptores
1545 427 1747 471 Catonem,

427 484 684 537 Sempronium
701 495 738 523 et
753 484 843 522 alios
860 484 1069 521 Romanam
1084 483 1270 536 originem
1291 485 1338 523 ad
1357 487 1508 525 Graecos
1530 488 1667 526 referre
1687 485 1744 525 vi-

426 543 547 588 deret,
566 555 605 583 ut
622 544 849 596 Aborigines
864 543 981 580 nullos
995 541 1085 580 alios
1103 543 1150 580 ab
1163 543 1306 594 origine
1323 558 1433 595 quam
1450 545 1621 597 Pelasgos
1637 546 1742 584 fuisse

427 606 682 649 arbitraretur,
702 604 801 656 quod
822 604 1019 641 Cluverius
1045 613 1082 641 et
1103 604 1271 655 plerique
1290 619 1310 642 e
1329 605 1457 643 nostris
1477 606 1620 658 sequuti
1644 607 1740 645 sunt.

424 666 568 704 Verum
587 666 787 716 Dionysius
808 677 886 702 rem
904 663 979 715 ipse
997 663 1050 700 ita
1070 663 1199 705 tradit,
1233 673 1288 707 ut,
1320 667 1404 716 quid
1428 679 1474 703 ex
1490 666 1552 710 iis,
1571 679 1652 718 quae
1666 679 1687 704 a
1706 667 1744 704 se

424 737 574 763 narrata
589 735 707 769 erant,
733 724 780 762 ad
804 725 1060 762 Romanorum
1083 723 1274 773 opiniones
1302 725 1543 776 comparatis,
1558 730 1744 778 stquatur,

425 799 515 829 non,
536 786 625 837 quid
640 799 769 824 verum
790 795 826 822 et
846 784 1081 834 exploratum
1102 784 1159 827 fit,
1183 797 1368 835 exponere
1384 785 1505 824 videri
1521 787 1624 824 velit.

480 848 719 899 Pelasgorum
736 856 808 884 tres
821 845 1041 897 potiffimum
1056 844 1158 883 fuisse
1173 845 1211 883 in
1227 846 1374 884 Italiam
1387 845 1560 885 deduaas
1577 846 1744 885 colonias

425 918 577 946 narrant
596 909 710 960 vulgo
726 906 802 944 fere
815 919 941 943 omnes
956 920 967 950 ;
995 918 1105 943 unam
1120 905 1166 942 ab
1183 905 1342 944 OEnotro
1360 920 1406 944 ex
1428 907 1604 950 Arcadia,
1620 906 1739 944 XVII

423 969 593 1007 aetatibus
613 980 698 1006 ante
724 967 862 1004 bellum
882 965 1110 1012 Trojanum‚
1140 964 1291 1001 alteram
1321 979 1341 1002 e
1359 966 1560 1009 Thessalia,
1590 966 1745 1004 Deuca-

422 1027 545 1066 lioneo
574 1041 669 1070 aevo,
702 1034 740 1063 et
765 1023 913 1061 tertiam
940 1022 987 1058 ab
1023 1021 1199 1058 Evandro
1232 1021 1302 1059 LX
1331 1024 1433 1061 annis
1467 1037 1551 1062 ante
1571 1025 1608 1062 b.
1626 1024 1739 1073 Troj.

426 1088 705 1139 Antiquiffimus
738 1084 801 1122 ille
829 1082 978 1120 OEnotri
997 1091 1034 1118 et
1055 1081 1223 1119 Peucetii
1243 1082 1289 1119 ad
1308 1082 1455 1121 Italiam
1475 1085 1634 1122 accessus
1654 1083 1741 1122 satis

424 1147 558 1185 diserte
582 1160 603 1184 a
624 1144 802 1194 Dionysio
817 1141 1014 1194 exponitur
1032 1140 1098 1178 lib.
1119 1142 1154 1184 I,
1169 1155 1202 1179 c.
1230 1153 1268 1179 11
1295 1142 1372 1193 sqq.
1427 1144 1489 1180 De
1518 1145 1673 1181 Peucetio
1702 1156 1742 1180 v.

422 1206 492 1245 inf.
525 1204 680 1245 Excurs.
712 1204 814 1240 VIII
843 1200 888 1238 ad
914 1214 951 1237 v.
988 1203 1078 1250 691.
1148 1200 1363 1238 Consediffe
1390 1201 1529 1239 dicitur
1564 1202 1743 1240 OEnotrus

424 1280 511 1306 cum
533 1266 603 1303 suis
618 1265 655 1302 in
673 1265 745 1302 smu
761 1260 957 1299 Lametino
976 1259 1160 1297 inferioris
1177 1260 1308 1305 Italiae,
1335 1274 1407 1311 qua
1427 1262 1656 1300 Bruttiorum
1675 1262 1742 1299 ali-

424 1325 573 1375 quando
593 1337 684 1375 ager
712 1321 832 1372 patuit
854 1335 864 1365 3
893 1328 931 1356 et
955 1317 1116 1368 primum
1145 1318 1296 1368 quidem
1316 1319 1414 1357 intra
1441 1321 1684 1358 Lametinum
1704 1330 1742 1358 et

426 1384 667 1434 Scylleticum
682 1383 742 1420 seu
761 1381 980 1430 Scylaceum
996 1378 1110 1415 finum
1121 1377 1156 1415 se
1168 1378 1445 1423 continuerunt,
1459 1380 1544 1418 hinc
1564 1381 1609 1418 ad
1623 1380 1742 1426 Laum

422 1445 535 1495 usque
562 1445 600 1482 fl.
629 1454 666 1480 et
700 1442 978 1491 Metapontum,
1016 1439 1160 1475 tandem
1188 1437 1235 1475 ad
1268 1439 1428 1477 Silarum
1456 1449 1495 1478 et
1524 1440 1739 1481 Bradanum

425 1507 514 1544 fines
530 1505 668 1542 sedium
687 1502 958 1544 extenderunt3
986 1512 1072 1537 mox
1093 1509 1130 1537 et
1148 1499 1243 1536 ultra
1258 1513 1319 1538 eos
1338 1501 1434 1552 ipsos
1450 1501 1538 1538 fines
1561 1503 1737 1553 progreffi

424 1567 532 1611 sunt3
563 1565 617 1603 uti
635 1566 750 1603 altera
769 1573 872 1614 parte
891 1574 1023 1612 agrum
1042 1560 1277 1604 obsederunt,
1311 1562 1376 1612 qui
1402 1562 1632 1601 Bruttiorum
1651 1576 1740 1600 mox

424 1627 544 1665 dietus
564 1627 626 1664 est.
682 1624 745 1662 Cf.
766 1636 847 1675 quae
864 1635 909 1659 ex
934 1620 1122 1658 Antiocho
1149 1619 1316 1670 Syracus.
1338 1632 1490 1684 narrant
1511 1622 1646 1660 Strabo
1665 1622 1741 1672 VI,

423 1701 461 1738 p.
487 1700 574 1739 234·
606 1699 676 1736 255
700 1694 738 1721 et
758 1682 834 1733 264
862 1682 891 1719 f.
928 1681 1085 1730 Dionys.
1114 1680 1148 1722 Ι,
1178 1694 1242 1731 35,
1272 1681 1312 1718 II
1343 1695 1402 1733 pr
1442 1682 1594 1720 Aristot.
1629 1682 1739 1721 Polit.

422 1747 521 1791 VII,
542 1761 602 1790 10,
631 1746 694 1783 ubi
718 1755 756 1783 et
783 1745 895 1781 cham
884 1758 912 1780 s
939 1756 988 1780 ex
1019 1740 1201 1779 OEnotriis
1221 1741 1324 1779 fuisse
1349 1752 1572 1788 narrantur,
1618 1743 1738 1787 Nam,

422 1808 525 1859 quod
542 1808 743 1845 etiamnum
758 1818 826 1856 per
853 1803 1040 1841 Αηιεϊιὶεε
1065 1802 1278 1840 iolitudines
1304 1803 1454 1841 evenire
1479 1804 1664 1847 videmus,
1691 1818 1739 1844 ex

422 1867 615 1906 communi
643 1866 749 1917 stirpe
768 1863 935 1903 oriundae
963 1863 1093 1905 tribus,
1127 1863 1217 1901 locis
1236 1877 1280 1900 ac
1301 1863 1444 1902 sedibus
1464 1864 1604 1908 diffitae,
1637 1878 1736 1903 novo

422 1928 572 1967 nomine
593 1925 772 1965 celebrari
786 1924 915 1962 solent.
970 1923 1105 1962 Versus
1124 1923 1324 1974 Iapygiam
1341 1936 1377 1961 et
1392 1925 1438 1961 ad
1458 1925 1737 1967 IoniumMare

421 1988 596 2026 habitasse
617 1986 767 2024 Chonas
796 1986 852 2024 τῆγ
870 1986 1051 2029 καθιεμένην
1073 1985 1156 2033 {lgm
1190 1984 1343 2021 Aristot.
1377 1984 1429 2022 ait
1455 1985 1481 2022 l.
1512 1997 1546 2022 c.
1588 1985 1637 2023 cf.
1657 1985 1739 2036 sup.⁴

422 2048 519 2086 Exc.
555 2047 649 2085 XXI
682 2045 728 2082 ad
761 2043 828 2082 lib.
862 2045 896 2082 Ι.
963 2043 1068 2081 Male
1101 2057 1149 2080 ex
1175 2053 1352 2094 corrupto
1383 2045 1562 2095 Stephani
1589 2045 1673 2083 loco
1695 2046 1738 2084 in

420 2111 563 2158 Βςέττος
582 2106 744 2145 Bruttios
764 2105 901 2155 primos
917 2113 954 2142 et
973 2114 1057 2141 ante
1070 2103 1261 2141 OEnotrios
1276 2104 1416 2141 incolas
1434 2105 1628 2142 venditant
1646 2119 1736 2144 non-

421 2168 529 2210 nulli,
556 2177 596 2204 ut
613 2179 731 2217 nuper
750 2163 940 2207 Grimaldi,
962 2163 1020 2200 vir
1038 2174 1171 2200 caetera
1185 2162 1297 2214 sagax
1331 2165 1387 2214 (in
1406 2164 1538 2201 Annali
1551 2164 1608 2202 del
1620 2166 1736 2216 Regno

421 2229 520 2266 diN
517 2227 607 2277 apoli
633 2227 684 2263 T.
702 2227 736 2268 l,
754 2239 794 2276 p.
821 2237 905 2275 131.
929 2227 996 2271 138
1018 2222 1112 2273 sq..)
1169 2223 1328 2273 Proprio
1356 2223 1504 2261 nomine
1523 2224 1737 2264 OEnotriam

423 2286 628 2339 appellavit
653 2286 735 2322 loca
763 2284 863 2322 circa
890 2283 1058 2320 AEsarum
1088 2291 1125 2320 et
1160 2282 1372 2326 Crimisam,
1406 2297 1486 2334 quae
1514 2283 1739 2325 Philoctetes

420 2347 544 2386 adiiffe
558 2346 672 2383 dictus
692 2345 755 2387 est,
786 2343 1012 2394 Lycophron
1033 2356 1068 2379 v.
1090 2353 1178 2392 911.
1200 2355 1293 2393 912.

475 2405 638 2457 Qando
674 2412 712 2440 et
743 2401 930 2453 quomodo
967 2401 1113 2452 Pelasgi
1145 2415 1191 2439 ex
1220 2402 1277 2439 his
1309 2400 1400 2440 loc-is
1428 2400 1474 2438 ad
1506 2400 1736 2454 Aborigines

420 2468 504 2506 illos
531 2467 568 2504 in
587 2464 743 2503 Umbris
773 2463 929 2502 finitima
961 2476 1114 2513 quaeque
1148 2462 1357 2499 infestantes
1385 2461 1638 2512 pervenerint,
1666 2475 1736 2501 nee

421 2527 497 2579 ipse
518 2525 716 2575 Dionysius
736 2524 861 2566 habet,
881 2523 981 2573 quod
1000 2523 1144 2566 afferat,
1177 2536 1246 2561 nec
1267 2535 1322 2560 res
1337 2534 1405 2573 per
1430 2521 1464 2559 se
1479 2521 1563 2559 satis
1584 2522 1623 2560 fit
1647 2535 1734 2572 pro-

422 2585 570 2624 babilis.
625 2583 825 2635 Qomodo
850 2582 948 2619 enim
977 2581 1022 2618 ad
1045 2582 1220 2620 ulteriora
1239 2582 1425 2633 progressa
1451 2581 1588 2632 exigua
1617 2581 1737 2619 Pelas·

423 2659 558 2698 gorum
578 2645 685 2682 turba
702 2657 768 2694 per
783 2653 838 2681 tot
850 2642 1026 2680 barbaros
1041 2642 1195 2693 populos
1211 2642 1256 2679 ad
1276 2642 1438 2680 mediam
1456 2641 1566 2693 usque
1583 2642 1733 2681 Italiam

423 2717 616 2759 penetrare
629 2705 798 2755 potuisset
811 2707 825 2741 ?
880 2704 1024 2742 Verum
1039 2717 1085 2740 ex
1105 2712 1184 2740 tota
1198 2702 1369 2751 Dionysii
1384 2701 1632 2752 disputatione
1647 2701 1734 2741 satis

422 2775 593 2817 apparet,
613 2766 678 2803 hos
707 2763 900 2803 (Enati-ios
919 2776 1004 2801 cum
1021 2762 1308 2814 Aboriginibus,
1335 2775 1382 2799 ex
1401 2761 1518 2799 sumta
1533 2763 1596 2800 illa
1609 2762 1734 2812 opini-

422 2840 492 2868 vne
511 2826 569 2865 seu
585 2825 791 2877 hypothesi,
818 2836 840 2862 a
856 2823 1000 2863 Graecis
1016 2823 1272 2862 Romanorum
1297 2821 1445 2883 stirpem
1474 2822 1544 2860 effe
1562 2830 1732 2873 repeten-

1628 2880 1734 2926 dam,
