1847 3313
413 280 508 343 148
767 259 1272 325 EXCURSUS
1327 254 1371 314 V

413 428 484 469 per
499 413 626 453 Celtas
645 421 683 452 et
703 412 857 452 Graecos
877 409 1031 460 vulgato
1049 420 1057 444 :
1088 406 1186 448 Rha,
1215 402 1306 444 Rho,
1326 400 1421 442 Rha,
1450 397 1562 440 Rhiu,
1591 388 1723 439 Rhiffl

415 475 507 514 Rhei
544 477 634 524 (ῥὲω,
661 473 766 524 ῥόος),
794 483 866 509 non
899 465 1143 519 improbabile
1177 464 1231 506 fit,
1259 460 1360 499 urbis
1380 472 1514 498 nomen
1534 469 1555 494 a
1575 452 1726 494 flumine

414 535 486 573 esse'
502 534 666 577 due'tum‚
694 541 733 570 et
750 530 874 570 omnia
887 528 973 572 alia,
1001 540 1082 578 quae
1108 532 1318 565 narrantur,
1345 532 1414 572 pro
1432 515 1650 558 commentis
1677 513 1728 552 se·

417 594 556 634 riorum
569 602 717 631 aetatum
734 592 805 630 effe
821 588 1005 628 habenda.

472 654 544 692 Sed
565 652 612 692 de
630 652 687 691 his
706 651 821 690 nolim
850 663 937 688 cum
971 653 1173 699 quoquam,
1201 642 1261 682 cui
1293 641 1399 680 aliter
1423 637 1610 678 videatur,
1638 645 1729 672 con-

420 713 587 753 tendere.
639 710 740 748 Mihi
770 709 855 748 satis
881 709 931 746 est
962 705 1123 745 dilucide
1151 703 1236 742 satis
1268 698 1465 751 exposuisse
1494 704 1664 746 naturam
1694 693 1732 730 et

421 772 558 812 cauffas
582 778 840 820 corruptarum
872 766 1076 806 fabularum
1104 762 1239 802 veteris
1257 760 1389 802 Italiae,
1417 766 1458 795 ut
1490 755 1582 794 mihi
1601 754 1663 792 via
1689 755 1733 790 ac‘

422 832 518 880 ratio
529 829 740 885 expeditior
757 831 799 870 fit
818 828 864 868 ad
882 841 941 872 ea,
968 840 1049 878 quae
1066 824 1114 863 in
1142 821 1373 875 sequentibus
1401 822 1508 857 erunt
1540 811 1732 855 tradenda.

798 961 1259 1017 EXCURSUS
1304 970 1358 1008 v.

427 1070 620 1134 Hzstoria
651 1069 815 1114 veteris
851 1063 1040 1124 mythicae
1064 1060 1207 1106 Italiae
1233 1057 1374 1118 capita
1392 1053 1558 1116 potiora
1580 1050 1630 1096 de
1654 1047 1740 1094 Sa*

654 1150 792 1196 turno,
825 1136 954 1197 Jano,
991 1133 1108 1190 Pico,
1144 1131 1299 1186 Fauno,
1337 1128 1511 1178 Latim.

481 1249 579 1292 VII,
594 1261 641 1301 45
664 1247 742 1298 sqq.
771 1246 851 1284 Rex
868 1258 969 1282 arva
988 1243 1132 1279 Latinus
1151 1249 1182 1277 et
1199 1237 1295 1276 urbes
1313 1236 1525 1284 Jamst’nior
1544 1230 1645 1280 longa
1658 1227 1743 1279 plao'

431 1312 526 1348 cidas
545 1313 580 1347 in
590 1318 675 1358 pace
694 1305 845 1358 regebat.
900 1304 1000 1339 Hunc
1023 1302 1141 1338 Fauno
1171 1309 1204 1336 et
1233 1295 1390 1346 Nympha
1404 1296 1556 1344 genitum
1576 1291 1746 1328 Laurente

433 1370 578 1408 Marica
592 1369 781 1417 Accipimus
795 1380 807 1402 .·
837 1365 956 1402 Fauno
972 1363 1074 1399 Picus
1084 1370 1188 1410 pater
1201 1373 1215 1396 .·
1244 1360 1330 1409 {sque
1340 1365 1515 1406 parentem
1533 1350 1597 1395 Te,
1624 1353 1748 1389 Satur-

434 1444 489 1473 ne,
516 1432 624 1481 reffert
638 1443 651 1465 .·
681 1438 719 1464 tu
724 1428 911 1476 sanguinis
929 1422 1061 1460 ultimus
1080 1425 1211 1459 αιιὲῗον.
1268 1419 1363 1456 Cum
1377 1416 1456 1453 haec
1475 1415 1542 1452 smt
1560 1412 1659 1463 quasi
1677 1407 1749 1461 po'-

435 1489 564 1526 tiffima
583 1485 737 1525 historiae
761 1482 900 1522 veteris
921 1480 1098 1532 mythieae
1122 1478 1263 1517 Italicae
1293 1475 1442 1526 capita:
1473 1470 1751 1524 disquirendum

436 1547 485 1585 de
502 1548 547 1585 iis
566 1547 633 1584 effe
651 1544 799 1582 videtur
818 1542 942 1593 paullo
963 1537 1180 1577 accuratius.

493 1606 556 1645 Ad
574 1607 761 1643 Saturnum
781 1595 1098 1639 videmus’Latini
1116 1608 1235 1649 genus
1255 1589 1430 1644 fimulque
1455 1591 1597 1630 fabulas
1615 1588 1753 1629 veteris

441 1667 560 1707 Italiae
575 1676 765 1715 tamquam
785 1661 832 1699 ad
853 1670 965 1711 caput
993 1669 1031 1696 et
1055 1656 1241 1708 originem
1271 1655 1445 1692 deduc'ias
1462 1642 1657 1696 subfistere,
1685 1652 1755 1690 neo

440 1727 592 1768 ulterius
606 1724 820 1777 procedere.
878 1722 939 1760 Est
954 1729 1076 1757 autem
1095 1718 1141 1756 de
1159 1719 1306 1755 Saturno
1325 1715 1473 1765 myehus
1485 1714 1656 1765 proprius
1673 1713 1756 1751 Ab·

440 1787 649 1839 originibus
669 1799 712 1823 ac
733 1782 963 1824 domesticus,
992 1793 1060 1818 nec
1081 1779 1280 1830 quicquam
1302 1776 1416 1817 aliud,
1445 1776 1471 1813 st
1498 1776 1594 1813 reete
1609 1763 1755 1825 judico,

441 1855 552 1900 quam
567 1843 810 1898 symbolicum
826 1855 961 1882 nomen
983 1853 1026 1878 ac
1054 1836 1327 1890 repraesentatio
1345 1835 1506 1874 melioris
1522 1834 1624 1879 vitae,
1650 1834 1757 1884 cujus

444 1910 552 1950 initia
571 1922 593 1946 a
607 1906 776 1958 frugibus
796 1903 972 1947 inventis,
1000 1901 1137 1939 satione
1156 1910 1193 1937 et
1212 1900 1319 1937 meffe
1348 1897 1466 1949 repeti
1497 1897 1623 1935 solent.
1678 1897 1759 1935 Ita-

445 1984 518 2023 que
532 1970 608 2007 falx
623 1967 658 2005 ei
675 1966 760 2003 addi
781 1965 895 2017 coepit
911 1978 923 2009 ;
968 1974 1086 2012 eoque
1119 1969 1323 2001 narratum,
1352 1958 1398 1996 ad
1413 1957 1552 1996 cultum
1572 1956 1658 1996 vitae
1673 1960 1759 1995 eum'

446 2027 674 2081 Aborigines
695 2025 881 2063 adduxisse
898 2037 908 2061 :
948 2023 1084 2060 Primus
1104 2019 1151 2057 ab
1169 2019 1310 2057 aetherio
1330 2022 1430 2055 venit
1450 2018 1622 2055 Saturnus
1642 2016 1760 2066 Olym-³

443 2090 579 2141 po—Is
592 2102 696 2139 genus
714 2084 850 2123 indocile
867 2098 908 2121 ac
932 2082 1109 2133 dgspetssum
1126 2078 1289 2117 montibus
1306 2078 1387 2116 altis
1415 2079 1447 2113 C
1448 2080 1600 2126 ompcffuit
1617 2075 1764 2128 legqsqtae

450 2152 556 2189 dedit.
589 2148 669 2185 AEn.
689 2143 801 2188 VIII,
830 2157 903 2195 319
919 2142 999 2192 sqq.
1054 2139 1197 2177 Addita
1210 2151 1354 2189 quoque
1380 2136 1515 2186 conjux
1541 2136 1640 2186 Ops,
1666 2136 1705 2173 h.
1726 2148 1764 2173 e.

451 2210 589 2248 Terra.
643 2206 868 2244 Commenta
892 2201 1071 2241 seriorum
1100 2199 1200 2251 apud
1225 2199 1401 2237 Macrob.
1431 2199 1467 2241 Ι,
1495 2210 1533 2248 7.
1565 2199 1600 2234 8.
1626 2207 1673 2233 10
1690 2207 1766 2234 non

450 2279 592 2312 moror.

508 2331 608 2368 Cum
626 2340 648 2365 a
667 2321 811 2364 Graecis
826 2319 976 2361 tractari
995 2317 1186 2370 coepissent
1203 2316 1337 2355 fabulae
1363 2314 1517 2358 Italicae,
1544 2313 1592 2353 ad
1619 2314 1767 2354 Cronum

453 2390 511 2432 illi
524 2390 624 2430 suum
641 2387 773 2425 referre
791 2391 985 2434 coeperunt
1003 2382 1201 2417 Saturnum.
1258 2378 1286 2414 F
1290 2378 1408 2414 actum
1428 2374 1466 2412 id
1480 2374 1560 2424 jam
1579 2375 1626 2413 ab
1645 2377 1771 2417 Ennio

454 2452 496 2493 in
515 2447 653 2488 Annal.
704 2446 807 2484 Nam
824 2443 958 2493 fragm.
983 2454 1023 2492 p.
1050 2452 1097 2490 30
1129 2439 1312 2480 Saturnus,
1339 2451 1431 2488 quem
1458 2435 1576 2472 Caelu’
1589 2439 1703 2486 genit,
1730 2447 1769 2475 et

456 2527 481 2554 a
499 2512 550 2552 L.
565 2506 682 2548 Accio
695 2506 732 2544 in
752 2504 955 2542 Annalibus
975 2515 1036 2551 ap.
1053 2499 1232 2538 Macrob.
1255 2499 1289 2541 I,
1318 2512 1339 2548 7
1367 2507 1460 2535 extr.
1476 2496 1629 2547 legitur,
1657 2489 1772 2536 verli.

458 2560 631 2614 b'us'inde
650 2565 870 2616 adscriptis3
909 2563 971 2600 etfi
991 2561 1037 2599 de
1064 2561 1129 2599 illo
1158 2559 1305 2598 nomine
1329 2557 1498 2596 dubitare
1517 2556 1618 2595 licet.
1674 2557 1770 2595 Inde

459 2632 628 2671 turbatus
648 2638 684 2666 et
698 2625 942 2676 interpolatus
963 2623 1011 2660 est
1039 2621 1211 2673 antiquus
1229 2619 1290 2657 ille
1316 2618 1478 2669 mythus,
1507 2626 1543 2653 et
1562 2627 1710 2655 narrata
1724 2617 1772 2655 de

463 2694 622 2731 Saturno
641 2701 685 2726 ea
699 2699 861 2738 quoque,
888 2698 969 2735 quae
989 2682 1115 2721 Graeci
1140 2696 1162 2719 a
1190 2678 1422 2718 Phoenicibus
1452 2688 1606 2729 accepta
1623 2677 1669 2716 de
1683 2678 1775 2716 Belo

463 2752 511 2792 ad
524 2752 624 2790 suum
636 2748 788 2785 Cronon
803 2745 1080 2783 transtulerant:
1111 2752 1151 2780 ut
1164 2741 1243 2790 jam
1269 2739 1375 2790 supra
1395 2738 1575 2776 monitum
1599 2737 1775 2789 (Excurs.

463 2810 537 2858 IV,
552 2825 591 2864 p.
612 2807 724 2861 135).
780 2805 947 2849 Falcem‚
974 2802 1086 2843 mestis
1106 2800 1328 2855 symbolum,
1357 2798 1469 2838 modo
1482 2798 1529 2837 ad
1546 2801 1652 2849 ἅςπη,
1670 2801 1775 2850 Κςόνκ

1735 2868 1774 2898 e}
