1847 3313
418 298 513 345 ¹44
762 279 1269 331 EXCURSUS
1325 279 1392 329 IV

416 418 537 462 ess‘ent,
565 419 609 455 ad
629 417 780 454 Graecos
800 415 946 458 referre,
965 427 1009 452 ex
1030 413 1171 452 Graeeis
1190 414 1364 458 moribus,
1385 413 1565 458 institutis,
1595 421 1631 451 et
1649 412 1732 462 opi*

417 477 587 514 nionibus
604 477 790 518 illustrare,
818 485 853 511 et
866 487 922 516 ea,
952 487 1032 523 quae
1049 487 1069 510 a
1088 472 1228 510 Graecis
1247 473 1502 523 discreparent,
1530 472 1575 509 ad
1605 483 1729 509 eorum

417 536 524 573 verba
538 546 573 574 et
593 548 646 572 res
664 532 938 571 accommodare
957 533 1148 570 studerent.
1203 532 1261 569 Est
1280 545 1320 570 ea
1338 532 1447 569 studii
1465 531 1623 569 historici
1637 531 1732 571 inter

415 606 539 631 omnes
552 594 702 643 populos
719 591 888 635 infantia,
917 602 954 628 ut
972 591 1113 627 suarum
1134 604 1251 627 rerum
1269 590 1429 640 origines
1446 601 1544 642 aptas
1562 600 1597 628 et
1615 603 1726 628 nexas

416 655 481 690 effe
500 654 611 690 velint
628 667 672 690 ex
687 651 814 689 illustri
834 651 957 701 aliquo
976 651 1029 687 sui
1050 650 1107 687 scu
1126 650 1234 699 prisci
1254 649 1423 699 temporis
1441 650 1588 700 populo.
1643 648 1728 685 Ma-

413 714 508 763 jores
536 712 643 750 nostri
674 724 798 762 regum
822 710 943 760 stirpes
968 709 1014 747 ad
1051 710 1232 759 Trojanos
1259 709 1315 745 vel
1340 707 1491 746 Graecos
1517 707 1730 749 referebant.

419 771 596 809 Similiter
629 769 786 808 Romani
818 769 980 806 omnium
1014 767 1086 804 fere
1118 767 1326 804 Italicarum
1355 767 1500 805 urbium
1529 767 1676 805 nomina
1693 776 1732 805 et

416 831 575 880 origines
592 844 612 866 a
632 828 774 866 Graecis
792 828 1011 879 repetebant,
1038 827 1331 877 quandoquidem
1350 827 1511 864 colonias
1528 827 1675 864 Graecas
1688 828 1730 864 in

418 890 540 927 multis
559 889 675 926 Italiae
688 888 808 939 paffim
828 887 918 924 locis
936 887 1126 924 consedisse
1141 896 1364 937 acceperant.

470 949 592 999 Hujus
616 948 756 999 generis
783 947 1019 997 mythologiis
1037 947 1133 997 pleni
1147 946 1227 982 sunt
1249 945 1511 991 Grammatici‚
1541 945 1727 996 inprimis-

419 1022 490 1059 que
523 1007 760 1052 Macrobiu53
798 1006 835 1043 in
855 1007 985 1056 quibus
1009 1016 1147 1056 tempus
1177 1006 1382 1043 consumere
1410 1006 1593 1056 sigillatim
1621 1019 1733 1056 expo..

418 1070 545 1106 nendis
572 1070 685 1107 nolim
717 1076 960 1118 quemquam;
1000 1066 1082 1103 satis
1106 1067 1151 1102 est
1180 1079 1252 1103 rem
1279 1066 1430 1103 omnino
1457 1077 1591 1104 tenere.
1644 1065 1731 1108 Sed.

419 1130 520 1179 quod
539 1130 682 1180 gravius
701 1128 763 1171 est,
794 1126 936 1175 antiqui
955 1126 1009 1163 isti
1025 1126 1227 1177 scriptores,
1259 1139 1348 1176 quos
1366 1126 1422 1162 illi
1436 1126 1553 1162 adhue
1572 1125 1733 1176 integros

419 1189 607 1226 versabant
626 1187 788 1225 manibus
805 1196 840 1223 et
858 1185 1122 1229 exscribebant,
1156 1184 1281 1221 iisdem
1302 1184 1531 1236 opinionibus
1547 1194 1647 1222 erant
1663 1185 1734 1223 im·-

422 1247 517 1285 buti.
582 1248 637 1285 Ex
667 1261 736 1297 qua
769 1246 862 1283 sena
889 1246 976 1283 Cato
1002 1244 1167 1294 inprimis
1199 1245 1284 1290 fuit,
1321 1244 1385 1294 qui
1418 1244 1495 1281 sero
1530 1245 1733 1282 litterarum

422 1306 634 1345 Graecarum
654 1305 769 1343 studio
788 1304 832 1340 ad
848 1317 994 1354 pravam
1013 1317 1090 1340 eam
1111 1303 1285 1340 rationem
1303 1303 1474 1340 deduftus
1493 1303 1558 1340 effe
1577 1303 1733 1342 videtur.

420 1366 552 1404 Eidem
579 1365 744 1415 adjungit
777 1363 816 1400 P.
846 1365 1067 1413 Sempronium
1084 1361 1274 1412 Aſsllionem
1303 1361 1498 1410 Dionysius
1527 1362 1561 1406 Ι,
1596 1375 1630 1399 c.
1671 1376 1733 1401 ΙΙ.

422 1426 612 1469 Οεῑίίιίιηι,
641 1425 703 1474 qui
735 1423 903 1460 Graecam
934 1422 1031 1459 urbis
1052 1422 1177 1458 Romae
1195 1420 1375 1471 originem
1401 1419 1574 1465 ediderit,
1603 1420 1745 1458 Strabo⁷

421 1496 595 1524 memorat
612 1485 677 1522 lib.
696 1484 748 1527 V,
768 1497 802 1533 p.
834 1496 905 1533 332
936 1483 967 1519 C
992 1497 1003 1526 ;
1036 1481 1099 1531 qui
1128 1490 1245 1518 tamen
1273 1480 1364 1517 forte
1382 1479 1428 1516 est
1454 1479 1602 1524 Cincius,
1630 1480 1734 1529 cujus

419 1559 552 1584 nornen
569 1544 663 1595 apud
680 1542 894 1591 Dionysium
910 1553 1051 1591 quoque
1071 1539 1135 1576 lib.
1154 1540 1184 1576 Ι.
1215 1553 1278 1591 74,
1303 1553 1339 1589 p.
1371 1552 1417 1589 59
1448 1537 1567 1575 Huds.
1596 1540 1736 1577 Καίκιος

420 1605 461 1642 in
480 1604 579 1641 Cod.
614 1601 737 1639 Vatie.
766 1601 938 1651 scriptum
968 1599 1035 1636 effe
1066 1598 1188 1643 video,
1215 1599 1272 1635 vel
1301 1600 1345 1634 C.
1378 1595 1513 1642 Acilius,
1541 1599 1644 1648 cujus
1670 1611 1736 1636 an·

420 1665 517 1702 nales
547 1676 662 1714 graece
690 1660 814 1711 scripti
834 1673 853 1696 a
873 1658 1031 1696 Claudio
1048 1657 1171 1708 aliquo
1190 1657 1349 1694 converfi
1367 1655 1589 1706 legebantur.
1645 1657 1734 1698 Eos,

421 1723 487 1774 qui
504 1735 619 1774 graece
638 1733 690 1758 res
714 1719 845 1770 patrias
873 1716 1174 1766 conscripserunt,
1205 1716 1389 1752 Romanos
1419 1714 1567 1751 Graecas
1590 1728 1737 1766 quoque

420 1782 562 1820 fabulas
578 1782 643 1817 effe
674 1779 869 1829 amplexos,
897 1788 1004 1813 nemo
1024 1774 1218 1811 mirabitur
1241 1790 1251 1819 3
1287 1783 1327 1810 ut
1353 1774 1403 1822 „Q
1424 1772 1568 1810 Fabium
1597 1773 1635 1811 in
1655 1775 1736 1811 An-

420 1842 562 1879 nalibus
581 1850 616 1877 et
643 1840 687 1876 L,
709 1839 860 1877 Cincium
889 1835 927 1871 in
946 1832 1152 1871 Annalibus
1171 1832 1312 1868 Graecis
1345 1837 1417 1881 (ap.
1439 1830 1593 1880 Dionys.
1613 1831 1678 1869 lib.
1698 1831 1733 1877 I,

423 1914 458 1938 c,
485 1902 541 1948 6),
570 1902 617 1938 A.
649 1898 824 1938 Albinum,
856 1901 914 1946 qm'
942 1895 1061 1931 Graece
1082 1891 1414 1942 fi7‘1Pstthss07‘iam,
1444 1889 1529 1927 Cic,
1548 1890 1649 1928 Brut.
1670 1903 1736 1935 21,

421 1970 457 1997 et
486 1961 554 1997 Cn.
568 1958 752 2007 Azfidium,
781 1954 895 1990 Tusc,
912 1952 965 1997 V,
990 1954 1051 2000 38.
1098 1949 1294 1987 Enimvero
1313 1950 1465 1985 necdum
1484 1948 1594 1986 alium
1613 1963 1736 2000 quern-

424 2033 532 2071 quam
551 2018 761 2068 scriptorem
780 2023 950 2056 veterem,
976 2019 1148 2061 quantum
1167 2009 1316 2059 quidem
1330 2022 1374 2044 ex
1400 2008 1609 2058 fragmentis
1626 2009 1734 2046 intel-

422 2079 491 2130 ligi
512 2078 622 2129 potest
656 2073 843 2126 (inspiciat
860 2071 991 2121 aliquis
1019 2085 1054 2107 v.
1075 2083 1108 2106 e.
1129 2068 1261 2105 librum
1279 2067 1325 2104 de
1342 2067 1451 2118 Orig.
1485 2067 1540 2105 G.
1565 2069 1647 2117 R.),
1682 2083 1736 2106 re-

421 2139 516 2191 peri,
542 2136 606 2187 qui
637 2147 711 2172 non
731 2133 877 2169 Graecas
895 2129 1035 2166 fabulas
1063 2128 1267 2168 seflaretur.
1323 2125 1440 2163 Varro
1458 2140 1600 2176 quoque
1616 2128 1736 2167 eidem

422 2198 539 2237 studio
564 2195 718 2233 nimium
742 2190 904 2234 indulsit,
934 2199 974 2225 ut
998 2188 1054 2224 vel
1074 2199 1118 2224 ex
1143 2200 1215 2223 uno
1234 2187 1318 2224 loeo
1330 2186 1375 2222 de
1394 2186 1440 2221 R.
1466 2186 1513 2222 R.
1543 2186 1616 2230 III,
1649 2201 1683 2232 1,
1712 2191 1738 2229 6

422 2257 505 2296 satis
530 2253 688 2303 intelligi
716 2250 841 2301 potest.
897 2246 1069 2297 Inprimis
1085 2253 1202 2281 autem
1223 2244 1259 2281 in
1276 2243 1421 2280 urbium
1436 2244 1643 2282 Italicarum
1658 2245 1735 2282 ori-

423 2314 570 2367 ginibus
588 2327 607 2350 e
627 2313 768 2348 Graecrs
786 2306 916 2345 fabulis
934 2304 1131 2355 repetendis
1158 2303 1367 2340 laborarunt
1392 2313 1532 2340 tanturn
1559 2318 1629 2341 non
1658 2318 1738 2342 om-

423 2391 501 2422 nes,
528 2385 568 2412 ut
586 2387 650 2411 nee
670 2372 818 2410 modum
847 2381 910 2405 nec
930 2366 1107 2403 rationem
1128 2365 1328 2409 servarent3
1359 2377 1439 2400 narn
1464 2364 1635 2401 leviffima
1650 2379 1739 2415 qua-

424 2451 495 2489 que
525 2448 642 2473 rerum
673 2430 907 2469 nominumve
927 2425 1159 2464 similitudine
1186 2433 1326 2474 arrepta
1352 2423 1546 2473 originem,
1570 2424 1740 2469 caussam,

422 2509 459 2534 et
478 2495 705 2534 conditorem
724 2490 762 2527 in
782 2487 931 2524 Graecia
951 2485 1112 2535 reperisse
1132 2483 1197 2520 fibi
1212 2483 1331 2520 videri
1351 2482 1475 2519 solent.
1532 2481 1618 2519 Hoc
1638 2483 1738 2521 idem

423 2565 479 2592 tot
506 2554 670 2591 virorum
688 2550 876 2587 dofitorum
894 2545 1097 2595 exemplum
1117 2542 1282 2579 obfuerat
1302 2541 1478 2591 Dionysio
1503 2540 1737 2579 Halicarnas-

424 2614 526 2657 senfi,
552 2611 634 2649 viro
666 2607 879 2648 aeutissimo,
907 2613 945 2640 ut
964 2602 1089 2640 urbem
1109 2602 1262 2638 Romam
1296 2601 1371 2649 jam
1400 2599 1483 2635 inde
1501 2598 1545 2635 ab
1563 2600 1672 2637 initio
1690 2599 1738 2637 ad

425 2673 565 2711 Graecae
582 2669 737 2708 coloniae
766 2678 902 2703 morem
926 2661 1158 2711 descriptam,
1190 2659 1319 2710 opibus
1338 2659 1431 2694 inter
1451 2657 1605 2708 Regem,
1632 2659 1740 2697 Sena-

424 2744 501 2772 tum
518 2740 553 2767 et
569 2729 762 2778 Populum,
780 2721 953 2774 sapienter
971 2721 1016 2757 ad
1034 2720 1206 2756 trutinam
1219 2716 1426 2766 exaequatis,
1443 2716 1566 2766 reique
1585 2717 1737 2768 publica:

423 2790 582 2842 partibus
617 2779 1029 2824 subtiliter⁴c0nstitutis
1059 2777 1202 2830 egregie
1232 2775 1438 2820 fundatam,
1479 2785 1663 2828 tamquam
1698 2776 1738 2816 in

425 2849 545 2888 tabula
560 2846 655 2898 picta
673 2843 871 2882 exhiberet.
1620 2894 1647 2933 P

1651 2906 1738 2933 ravo
