1847 3313
374 274 493 324 AD
539 276 1061 326 LIBRUMVH.
1293 293 1381 345 153

83 405 148 446 vix
179 407 229 444 ita
255 407 289 444 fe
317 405 447 443 habere
477 405 612 457 potuit,
647 419 731 444 cum
759 406 859 445 Latii
877 420 951 446 vox
980 407 1166 460 antiquior
1192 408 1270 459 ipso
1300 422 1386 459 rege

84 466 206 509 fuerit,
237 467 334 504 unde
364 465 490 503 Latini
517 467 620 511 dieii,
677 468 817 505 Mirum
848 470 911 512 est,
939 469 1038 519 quod
1065 470 1159 519 apud
1192 469 1384 511 Cononem

87 525 234 563 Narrat.
264 539 284 575 3
314 525 487 569 occurrit,
516 526 578 563 ubi
599 525 752 568 Latinus
776 526 814 564 in
844 527 1051 569 inferiorem
1073 528 1233 572 Italiam,
1262 529 1306 565 ad
1327 542 1386 566 ve·

85 593 175 621 teres
195 585 425 636 Pelasgorum
441 586 486 621 ad
502 584 660 623 OEnotro
680 585 913 623 adductorum
935 586 1045 629 sedes,
1073 599 1283 625 revocatur:
1318 589 1386 626 fili-

83 656 141 685 am
161 645 220 682 ille
242 646 337 682 suam
367 647 520 695 Λκυξίνην
548 646 667 684 Locro
700 647 851 683 Alcinoi
882 647 986 684 fratri
1017 648 1159 685 Italiam
1187 660 1385 694 extremam

38 706 40 710 ’
83 701 249 741 insidenti
282 704 500 756 despondet3
546 705 726 742 occiditur
759 716 906 756 uterque
939 707 985 743 ab
1030 707 1189 744 Hercule
1233 708 1386 758 hospite?

83 759 232 798 Scilicet
249 762 398 800 omnino
417 762 541 800 Graeci
558 764 832 814 mythographi‚
859 765 1000 815 quoties
1026 778 1145 816 regem
1164 766 1285 803 Italici
1318 766 1385 806 soli

82 820 268 858 nominare
283 822 424 867 volunt,
451 821 573 860 Latini
592 823 738 862 nomine
757 833 916 862 utuntur.
972 824 1040 861 Pro
1060 825 1206 869 Latino,
1221 826 1266 861 ad
1277 838 1384 875 quern

82 883 212 928 ,AEneas
231 883 341 927 venit,
371 883 532 921 Faunum
552 884 683 921 Martis
700 884 725 922 f.
748 894 922 922 memorat
943 885 1102 936 Appian.
1131 886 1198 924 lib.
1218 886 1235 922 Ι
1253 886 1290 923 in
1311 886 1387 922 Ex-

81 953 193 991 cerpt.
212 956 256 979 ex
277 942 420 989 Photio‚
442 943 643 994 Antiquior
662 943 760 980 Latii
775 957 835 980 rex
852 943 1076 982 Dercennius
1095 944 1139 981 ab
1157 945 1234 994 ipso
1255 944 1386 996 Virgi-

80 999 133 1036 lio
150 1012 449 1038 commemoratur
466 1001 530 1048 lib,
551 1002 623 1045 XI,
644 1007 729 1053 850.
784 1002 866 1040 Sive
900 1013 1016 1040 tamen
1051 1004 1120 1041 fuit
1145 1004 1296 1042 Latinus
1319 1006 1386 1042 ali-

80 1060 176 1111 quis,
204 1061 261 1100 seu
278 1074 348 1098 non
367 1061 451 1104 fuit,
480 1062 735 1113 intelligendus
754 1062 879 1113 utique
896 1064 943 1101 est
975 1076 1036 1100 rex
1070 1063 1170 1101 urbis
1199 1074 1235 1101 et
1252 1064 1382 1114 exigui

81 1121 211 1159 tractus
225 1120 426 1165 Laurentis,
453 1121 515 1171 qui
532 1132 665 1171 partem
695 1131 834 1158 tantum
853 1122 950 1159 Latii
969 1123 1230 1168 constituebat3
1275 1125 1388 1166 totius

80 1180 178 1217 Latii
196 1181 356 1217 nondum
375 1180 441 1217 illo
458 1191 617 1232 ternpore
643 1189 717 1221 erat
737 1194 903 1236 regnum,
924 1194 996 1219 >nec
1017 1195 1175 1234 unquam
1203 1183 1290 1228 fuit,
1317 1184 1383 1226 nist

80 1241 341 1287 Romanorum.

465 1357 869 1403 EXCURSUS
924 1359 994 1399 VI.

111 1436 187 1485 De
208 1438 368 1484 oraculo
387 1439 525 1484 Fauni
544 1441 588 1483 in
610 1439 697 1484 luco
718 1438 921 1484 Albuneae
943 1441 986 1484 in
1008 1457 1055 1502 ag
1064 1455 1106 1485 ro
1124 1440 1360 1487 Tiburtino.

131 1528 222 1572 VII,
253 1533 293 1567 81
319 1528 396 1579 sqq.
424 1529 473 1565 At
491 1543 550 1564 rex
556 1527 716 1577 sollicitus
734 1530 877 1577 monstris
890 1528 1024 1566 oracula
1043 1528 1158 1566 Fauni
1173 1528 1385 1585 Fatidicigffl

77 1592 189 1625 nitoris
218 1590 302 1632 adit,
329 1588 470 1638 lucosque
490 1587 561 1636 fich
579 1586 652 1623 alta
672 1587 821 1639 Consulit
839 1587 1008 1625 Albunea.
1063 1587 1284 1625 Sententiam
1301 1602 1382 1626 ver-

78 1647 206 1684 borum
232 1658 266 1684 et
291 1647 366 1684 vim
385 1647 487 1697 supra
505 1645 778 1682 declaravimus,
834 1645 876 1682 In
895 1659 982 1696 agro
1003 1646 1203 1684 Tiburtino
1221 1647 1265 1683 ab
1282 1648 1383 1685 occi-

77 1707 184 1744 dente
213 1707 313 1743 lucus
346 1716 435 1750 erat,
462 1705 500 1741 in
528 1718 600 1755 quo
628 1718 727 1754 aquae
747 1705 905 1748 Albu1ae‚
933 1705 1119 1743 medicatae
1144 1717 1178 1743 et
1198 1706 1382 1756 sulfureae3

77 1779 122 1803 ex
148 1778 269 1802 earum
299 1765 459 1806 fontibus
491 1777 580 1801 unus
598 1765 644 1802 est
668 1763 836 1810 Albunea,
865 1765 943 1801 fons
962 1764 1206 1815 etNympha,
1235 1767 1328 1805 forte
1345 1778 1382 1806 et

81 1826 230 1876 Sibylla.
259 1826 307 1871 cf.
325 1826 369 1862 ad
389 1825 530 1862 Tibull.
548 1824 601 1869 H,
628 1839 663 1875 ς,
683 1827 746 1873 69.
800 1824 844 1867 In
863 1825 932 1862 hoc
949 1826 1047 1871 luco,
1075 1827 1252 1869 Albuneae
1267 1828 1381 1877 disto„

76 1888 261 1926 oraculum
279 1887 349 1924 fuit
366 1885 479 1924 Fauni
495 1899 504 1923 :
545 1887 590 1923 de
608 1899 679 1936 quo
697 1896 862 1931 accurate
881 1887 958 1938 agit
974 1892 1098 1937 poeta.
1154 1887 1285 1925 Nostra
1317 1890 1381 1927 ad-

76 1949 147 1986 huc
166 1958 268 1985 aetate
294 1947 483 1985 imminent
504 1947 656 1984 Anienis
674 1947 878 1984 catarraffis
906 1947 1019 1984 ruinae
1040 1948 1181 1998 templi,
1207 1949 1305 1998 quod
1325 1950 1380 1987 Si-

76 2007 183 2059 byllae
201 2007 408 2045 Tiburtinae
438 2007 505 2044 effe
537 2007 662 2044 volunt
693 2006 761 2043 viri
794 2006 907 2050 doffi,
935 2008 1035 2044 nullo
1063 2007 1245 2058 graviore,
1272 2023 1381 2058 quam

75 2067 175 2118 quod
193 2076 309 2104 vetere
326 2066 421 2103 fama
439 2065 488 2103 ita
519 2067 693 2104 traditum
710 2067 772 2109 est,
800 2077 1024 2117 argumento.
1076 2069 1160 2105 Hoc
1178 2067 1273 2105 idern
1293 2080 1381 2107 tem-

74 2128 174 2177 plum
193 2126 357 2163 nonnulli
376 2139 396 2162 a
414 2130 520 2175 poeta
537 2126 685 2177 speciari
717 2136 752 2162 et
773 2127 925 2164 verfibus
954 2127 1010 2164 his
1045 2127 1201 2165 describi
1235 2138 1381 2167 conten-

76 2186 180 2223 dunt.
235 2185 390 2236 Copiose
409 2185 500 2224 hanc
519 2186 723 2236 opinionem
743 2186 916 2223 adstruxit
933 2186 1087 2237 Vulpius
1100 2187 1136 2224 in
1155 2187 1236 2226 Vet.
1258 2187 1381 2234 Latio,

76 2246 127 2284 T.
150 2246 197 2289 X,
224 2258 256 2283 e.
282 2259 313 2294 ς.
369 2245 454 2289 Sed,
483 2255 522 2282 ut
551 2245 665 2281 solent
695 2257 739 2282 ex
759 2244 865 2294 Italis>
878 2246 998 2289 multi,
1027 2247 1136 2284 modo
1154 2248 1278 2298 patria:
1295 2247 1380 2295 suae,

75 2307 187 2343 modo
205 2306 368 2343 locorum
384 2305 438 2342 vel
455 2303 678 2354 antiquitatis
696 2317 830 2348 amore,
857 2306 1064 2356 plerumque
1079 2308 1188 2344 etiam
1207 2321 1323 2345 rerum
1339 2324 1380 2348 ac

74 2364 247 2403 sermonis
267 2363 510 2414 ignoratione,
538 2364 730 2400 multarum
749 2364 891 2401 urbium
928 2365 1025 2402 sedes
1057 2375 1092 2403 et
1123 2368 1242 2405 ruinas
1273 2382 1380 2418 prave

75 2423 316 2474 interpretari,
344 2423 396 2461 ita
429 2424 486 2460 vir
513 2424 638 2460 doetus
668 2423 705 2460 in
737 2426 843 2474 poe'ta
873 2425 970 2462 usum
993 2427 1180 2476 loquendi,
1209 2428 1381 2468 orationis

75 2483 149 2521 vim
168 2494 203 2522 et
217 2483 407 2527 rationem,
435 2483 661 2526 sententiam,
688 2495 918 2523 communem
948 2485 1101 2530 sensum,
1128 2488 1251 2524 onmia
1280 2501 1381 2525 ever-

75 2552 149 2580 tere
167 2543 307 2586 maluit,
335 2556 441 2593 quam
461 2541 603 2579 veritati
622 2543 831 2582 concedere.
886 2544 940 2581 Ut
966 2545 1111 2595 Sibyllae
1130 2547 1302 2596 templum
1333 2548 1381 2584 ad

75 2600 140 2639 hos
155 2603 326 2640 Albuneae
341 2603 441 2640 lucos
459 2614 622 2638 revocare
649 2601 764 2651 postit,
792 2602 1015 2654 interpungit
1035 2619 1069 2642 v.
1100 2608 1145 2643 82
1167 2607 1263 2655 post:
1306 2623 1383 2645 ora-

73 2661 150 2699 cula
169 2661 280 2698 Fauni
296 2663 337 2699 F.
347 2677 386 2713 g.
405 2663 488 2700 adit.
541 2662 715 2711 Lucosque,
743 2670 782 2698 ut
801 2662 937 2701 scilicet
952 2661 1065 2700 Fauni
1085 2665 1254 2713 templum
1285 2679 1338 2703 res
1358 2678 1380 2704 a

75 2717 220 2768 Sibyllae
230 2722 375 2757 oraculo
390 2719 528 2756 diversa
541 2719 596 2756 fit.
652 2717 765 2756 Fauni
783 2732 900 2758 autern
914 2722 1086 2771 templum
1100 2722 1137 2759 in
1154 2723 1378 2762 Laurentum

73 2777 201 2819 finibus
218 2780 386 2824 collocat,
414 2779 476 2816 ubi
490 2779 573 2816 Inui
592 2778 754 2816 Castrum
773 2778 841 2817 fuit
861 2782 952 2832 (sup.
969 2781 1037 2827 VI,
1059 2783 1163 2832 776.)
1181 2782 1382 2832 Opinionis.

74 2846 192 2889 tamen
209 2838 458 2886 aufloritatem
471 2839 606 2878 nullam
620 2837 720 2876 affert
736 2837 799 2878 hic
820 2851 856 2880 et
874 2842 946 2880 alio
960 2842 1042 2880 loco
1063 2842 1112 2881 Τ,
1127 2841 1177 2882 V.
1199 2842 1284 2883 Lib.
1300 2844 1360 2882 IX
1365 2871 1378 2891 2

1325 2903 1378 2949 ct}
