1847 3313
345 287 776 346 AENEIDOS‚
833 287 983 335 LIB.
1042 285 1178 334 VIII.
1343 301 1431 334 211

122 415 193 470 Ut
216 435 409 469 ventum
433 423 491 469 ad
518 422 671 469 sedes:
710 422 853 479 Haec,
895 420 1067 483 inquit,
1093 418 1258 465 limina
1279 418 1429 464 vietor

121 509 314 556 Alcides
337 511 476 557 subiit
496 535 508 565 ;
545 511 645 557 haec
672 511 806 557 illum
833 511 960 573 regia
983 508 1127 572 cepit.

119 599 275 657 Aude,
297 601 479 664 hospeS,
505 614 806 649 contemnere
823 618 952 664 opeS‚
977 613 1021 648 et
1046 612 1092 646 te
1111 614 1298 663 quoque
1320 598 1428 662 dig-

319 710 437 740 num

119 784 270 849 Finge
293 785 409 839 deo;
446 785 674 847 rebusque
698 783 803 830 veni
827 799 919 830 non
945 782 1077 845 asper
1099 781 1273 843 egenis.
1328 779 1420 843 365

117 875 268 932 Dixit,
293 888 338 922 et
362 877 545 939 angusti
569 877 724 923 subter
748 875 927 938 fastigia
951 875 1061 921 teeti

116 965 366 1029 Ingentem
390 966 570 1014 AEnean
596 968 745 1023 duxit,
771 966 1010 1029 ſtratisque
1034 966 1208 1012 locavit

113 1055 351 1102 Effultum
376 1055 500 1101 foliis
526 1068 571 1102 et
595 1056 718 1118 pelle
741 1056 995 1118 Libystidis
1018 1054 1151 1101 ursae.

113 1145 224 1193 Nox
248 1147 357 1203 ruit,
382 1159 427 1193 et
453 1146 591 1193 fuscis
616 1146 835 1191 tellurem
858 1146 1160 1212 ampleetitur
1184 1144 1285 1190 alis.

178 1235 247 1280 At
285 1235 440 1282 Venus
474 1234 598 1281 haud
635 1234 797 1280 animo
836 1233 1158 1297 nequidquam
1198 1232 1420 1279 exterrita

1326 1336 1424 1388 370

306 1336 473 1383 mater,

157 1448 229 1487 362.
255 1450 290 1480 In
313 1460 384 1481 voc.
411 1453 506 1483 vifi‘or
519 1452 661 1493 argutati
680 1452 751 1483 sunt
767 1460 901 1485 veteres.
926 1464 957 1485 v.
982 1452 1132 1484 Macrob.
1151 1454 1206 1492 Ill,
1222 1453 1252 1485 6.
1343 1453 1418 1493 364.

111 1503 268 1544 contingere
285 1501 388 1534 Goth.
418 1503 474 1534 sec.
567 1504 639 1541 ¹366,
666 1506 779 1547 augusti
797 1506 870 1535 Exc.
890 1506 1000 1535 Burm.
1039 1505 1159 1548 subeunt
1186 1506 1308 1546 aliquot
1334 1506 1421 1538 Pier.

111 1552 230 1593 ‘vestigia
247 1552 310 1582 duo
327 1553 434 1584 Burni.
527 1553 599 1591 368.
626 1554 749 1596 effeffam
772 1565 819 1596 pr.
849 1555 1004 1586 Rottend.
1024 1565 1040 1584 a
1057 1565 1103 1585 m.
1122 1565 1170 1596 pr.
1205 1555 1301 1599 spoliis
1319 1556 1420 1588 Goth.

110 1608 197 1639 tert.,
219 1603 304 1644 quod
320 1603 423 1645 ipsum
441 1603 472 1633 in
500 1612 642 1634 mentem
660 1603 775 1634 venisse
801 1605 893 1635 video
922 1606 972 1647 Jo.
998 1605 1183 1641 Schradem,
1210 1614 1245 1636 ut
1272 1605 1329 1637 fint
1353 1607 1420 1648 ipsa

110 1652 203 1694 pellis
217 1653 307 1685 ursae.
355 1655 515 1698 Libistridis
533 1657 633 1693 Vcn.,
656 1655 760 1697 Julius
775 1655 926 1687 Sabinus:
957 1657 1010 1686 vel
1033 1657 1146 1697 legatur
1169 1657 1418 1689 HYBISTIDIS

110 1704 210 1746 (quod
224 1704 315 1735 nihili
329 1705 388 1735 esse
406 1706 569 1749 arbitror),
591 1715 624 1737 ut
641 1718 659 1737 a
676 1708 776 1738 Sicilia
793 1707 839 1747 (in
857 1718 918 1748 qua
934 1707 1021 1738 nulla
1038 1708 1173 1748 Hybista
1197 1709 1264 1751 est),
1289 1719 1320 1740 ut
1341 1711 1418 1743 dixi-

110 1769 171 1787 mus
187 1759 214 1787 in
231 1757 325 1799 quinto
351 1756 407 1796 (ibi
425 1757 505 1787 nihil
521 1757 583 1788 tale
608 1758 757 1798 occurrit)
789 1759 843 1788 vel
857 1760 937 1800 utstt
952 1771 971 1789 α
986 1759 1158 1800 Libya-Si
1172 1761 1302 1791 vslunms
1318 1763 1421 1794 intelli-

106 1819 175 1850 gere
191 1807 370 1848 Libystidis,
387 1809 509 1846 Siculae,
533 1817 562 1838 ut
580 1809 736 1851 Libystinus
754 1810 856 1850 Apella
872 1814 898 1840 in
915 1811 1059 1851 Pachyno.
1105 1810 1176 1840 Fuit
1193 1811 1302 1851 utique
1317 1814 1420 1854 Apol-

108 1858 182 1889 linis
197 1858 354 1899 Libystini
379 1859 537 1900 ternplum
559 1860 593 1890 in
622 1860 782 1901 Pachyno.
806 1871 836 1893 V.
868 1861 1014 1892 Macrob.
1033 1863 1044 1891 1
1062 1862 1126 1892 Sat.
1146 1870 1194 1901 17.
1241 1863 1301 1894 Sed
1324 1864 1362 1895 ab
1379 1877 1419 1898 eo

109 1919 227 1941 nomen
244 1909 358 1940 ducere
375 1910 515 1940 alienum
533 1910 586 1942 est.
635 1912 701 1941 Pro
713 1911 820 1947 Λιβυκῆ
834 1911 957 1942 dietum
970 1914 1079 1948 Λιβυςὶς
1093 1913 1172 1945 ursa.
1264 1913 1337 1956 369.
1351 1917 1419 1950 Alii

109 1971 226 1993 novam
242 1960 431 1992 sententiam
446 1962 618 1994 ordiuntur
632 1973 707 1993 cum
722 1963 782 1994 hoc
800 1963 902 2002 versu,
919 1963 1117 2006 alterumque
1134 1973 1198 2004 370
1212 1964 1396 2007 subjiciunt.

795 2089 906 2118 temtu
939 2082 1008 2119 hoc
1036 2079 1153 2118 inanis
1182 2081 1299 2118 fastus.
1351 2094 1416 2117 mn

795 2136 903 2181 asper,
948 2147 1020 2170 non
1055 2132 1205 2175 alienus,
1255 2131 1414 2177 infestus,

793 2185 952 2234 adeoque
970 2198 1041 2222 non
1058 2184 1273 2222 fastidiosus.

109 2089 174 2114 nae.
228 2076 369 2114 Servius
387 2077 499 2114 multa
526 2077 645 2130 inepte
666 2092 728 2116 cu-

108 2128 232 2165 mulat.
294 2129 380 2178 362.
431 2130 476 2165 Vt
510 2142 649 2168 ventam
682 2133 733 2169 ad

96 2182 207 2236 sqdes,
227 2179 384 2216 Evandri
402 2180 549 2217 domurn
569 2181 606 2218 in
625 2181 727 2219 Pala-

109 2240 188 2267 tino
218 2241 353 2275 monte,
377 2231 434 2267 seu
457 2231 608 2277 Palatio,
627 2235 725 2284 quod

109 2280 327 2319 Pallanteum
347 2281 443 2319 dixit
465 2288 585 2332 potita.
636 2288 725 2333 364.

110 2335 196 2384 365.
228 2333 337 2370 Nihil
368 2333 655 2384 magnificentius
673 2337 728 2373 his

107 2385 260 2422 versibus
278 2385 353 2422 dici
369 2384 490 2434 potest.
546 2390 631 2424 aad?
656 2404 726 2425 con-

104 2447 258 2481 temnere,
287 2436 383 2487 quasi
413 2449 486 2473 rem
512 2438 660 2476 arduam
691 2449 726 2476 et

106 2487 315 2526 difficilem:
344 2487 395 2524 ita
420 2499 457 2524 ut
485 2489 618 2526 virtute
636 2503 724 2540 opus

107 2539 148 2576 fit
167 2540 278 2577 animi
296 2540 340 2576 ad
359 2540 607 2589 expellendum
627 2554 724 2578 amo-

107 2604 182 2628 rem
199 2591 422 2628 divitiarum.
453 2591 511 2628 Sic
527 2592 615 2630 bene
627 2592 724 2630 Serv.

105 2643 207 2692 conf.
227 2641 350 2680 Guell.
404 2653 434 2679 et
461 2653 492 2679 te
519 2659 638 2695 quoque
653 2646 727 2696 dtg-

106 2709 184 2732 num
206 2694 303 2745 finge
332 2695 400 2731 deo.
469 2694 658 2745 Compone
694 2707 728 2732 te

107 2754 330 2795 mentemque
347 2744 505 2782 informa
538 2749 582 2783 ad
603 2747 725 2783 simili-

106 2796 267 2834 tudinem
285 2796 441 2833 numinis
454 2812 464 2841 ;
491 2797 528 2834 h.
554 2799 627 2841 fac,
648 2798 726 2835 red-

107 2848 154 2887 de
171 2858 205 2889 te
225 2848 375 2887 similem
395 2847 566 2888 Herculis
583 2850 622 2887 in
643 2863 726 2888 con-

846 2237 1064 2285 366—363.
1105 2235 1136 2272 E
1177 2248 1275 2273 more
1304 2233 1415 2286 prisci

791 2287 880 2330 aevi3
910 2287 958 2324 cf.
979 2287 1105 2337 Odyff.
1127 2290 1162 2331 Ξ,
1194 2290 1260 2337 48,
1293 2286 1413 2337 Orph-

795 2339 935 2388 Argon.
962 2352 1070 2388 1009.
1124 2340 1270 2377 AEneam
1296 2346 1416 2391 ingen·

791 2400 854 2427 tem
888 2390 978 2426 alius
1009 2390 1215 2428 reddidisset
1243 2403 1327 2441 per:
1358 2389 1413 2426 in-

790 2441 927 2478 clinato
960 2442 1078 2492 capite
1106 2442 1316 2479 subeuntem
1347 2454 1413 2477 an-

789 2494 904 2541 gustas
922 2492 1027 2530 fores.
1083 2494 1140 2531 De
1158 2493 1319 2543 Libystide
1336 2496 1414 2543 uffa

790 2557 823 2581 V.
842 2545 887 2580 ad
904 2544 969 2582 lib.
991 2545 1043 2588 V,
1063 2559 1124 2598 37.
1179 2546 1299 2582 Etiam
1318 2544 1413 2581 ima-

788 2607 838 2644 go
880 2596 994 2633 noffis
1026 2611 1062 2634 v.
1108 2599 1180 2646 369
1227 2597 1411 2637 notabilis.

791 2646 893 2683 Hinc
925 2649 1013 2685 Stat.
1043 2648 1060 2684 I
1081 2649 1218 2685 Achill.
1243 2651 1317 2687 620
1336 2654 1412 2687 totis

790 2698 850 2735 ubi
870 2700 1005 2736 Somnus
1024 2706 1159 2738 inertior
1183 2700 1251 2736 aln-
1282 2703 1411 2748 D1stu1't

790 2755 825 2785 in
858 2760 964 2788 terras
991 2762 1175 2803 mulumque
1204 2753 1415 2803 ampletiitur

792 2801 910 2839 orbem.

847 2867 921 2940 3070
941 2852 1018 2905 sqq.
1038 2853 1412 2907 Qisequiturlocus,

914 2919 935 2946 2
1329 2920 1414 2946 meo
