1847 3313
449 304 536 354 162
747 301 1254 353 EXCURSUS
1324 294 1445 350 VIII

446 435 661 473 Graecanica
687 436 768 472 esset
797 434 947 478 tradita,
983 446 1055 483 qua
1083 433 1286 477 Praenestes‚
1320 431 1450 480 Ulyffis
1482 443 1606 481 nepos,
1638 421 1764 468 Latitii

447 495 554 538 filius,
586 495 662 544 ejus
678 494 778 531 urbis
795 495 919 531 auftor
938 493 1131 530 ferebatur.
1188 493 1223 527 A
1243 491 1436 541 Telegono
1451 490 1641 528 conditum
1671 489 1765 526 Prae-

448 556 540 592 nelle
560 567 759 604 nomenque
779 553 823 590 ab
843 553 926 590 ilice
948 553 1085 602 (πξῑνος)
1109 551 1273 593 duflum,
1291 560 1510 588 memoratur
1527 550 1565 588 in
1578 550 1767 602 personato

449 614 643 651 Plutarcho
664 611 795 651 Parall.
825 623 918 650 extr.
973 612 1029 649 Ita
1047 612 1142 649 enim
1161 611 1333 648 ludebant
1350 610 1389 647 hi
1405 609 1567 647 homines
1586 611 1624 648 in
1640 609 1763 648 nomi-

449 672 568 710 nibus.
621 671 741 709 Addit
761 682 878 709 tamen
897 669 1014 708 Solin.
1044 684 1078 708 c.
1101 682 1120 707 z
1150 680 1185 707 ut
1220 670 1418 720 Praenqstim'
1437 671 1565 718 anant
1597 669 1692 712 libri,
1740 680 1766 705 a

449 731 597 769 Caeculo.
652 730 758 768 Plura
776 731 820 767 de
849 730 1020 767 Praeneste
1038 743 1074 767 v.
1111 742 1167 779 ap.
1202 728 1350 767 Cluver.
1384 718 1584 765 Suaresium
1606 727 1645 765 in
1666 727 1762 764 Prae-

451 791 544 826 neste
561 798 635 827 ant.
655 799 690 826 et
713 788 889 840 vulpium
907 789 1020 826 Tom.
1050 785 1109 836 IX
1130 787 1228 824 Latii
1254 787 1347 838 prof.
1405 786 1491 823 Hoc
1509 799 1622 824 unum
1642 786 1765 824 nescio

451 862 497 887 an
515 850 560 886 ab
578 849 659 886 aliis
678 848 904 886 observatum
923 848 980 893 fit,
1006 847 1106 898 quod
1120 846 1341 884 Praenestinis
1355 847 1397 883 h.
1410 847 1436 883 1.
1466 846 1649 889 Gabinos,
1676 846 1771 883 Ani-

449 909 528 947 enis
541 908 696 950 accolas,
726 907 908 945 Hernicos
925 917 961 944 et
980 905 1150 943 Amaseni
1167 907 1326 950 accolas,
1347 904 1406 942 seu
1425 904 1542 942 socios
1559 904 1618 942 seu
1637 904 1770 942 ditioni

451 968 626 1018 subjeeios
644 967 813 1017 adjungit
832 966 956 1004 Maro.

506 1028 565 1066 De
592 1027 728 1076 Junone
747 1026 885 1064 Gabina
911 1039 945 1063 v.
975 1025 1048 1064 682
1077 1025 1122 1062 ad
1151 1037 1184 1062 e.
1212 1025 1238 1062 l.
1264 1024 1399 1062 difium
1420 1023 1480 1062 est.
1535 1023 1647 1071 Qlod
1674 1038 1772 1061 arva

454 1087 601 1138 Junom‘s
617 1086 763 1124 Gabinae
783 1095 972 1128 memorat,
991 1085 1052 1122 etsi
1068 1098 1108 1121 ea
1120 1095 1203 1121 nota
1214 1084 1266 1136 est
1285 1088 1472 1134 poetarum
1488 1083 1525 1120 in
1541 1083 1770 1134 designandis

454 1146 606 1184 urbibus
637 1144 745 1188 ratio,
783 1154 902 1181 tamen
921 1143 959 1180 id
978 1143 1128 1194 provide
1148 1142 1266 1179 fecisse
1284 1142 1402 1178 videri
1421 1141 1548 1192 potest,
1579 1143 1678 1192 quod
1703 1142 1772 1180 lib.

456 1205 529 1250 VI,
549 1218 622 1256 773
654 1203 732 1252 (ubi
751 1203 826 1241 vid.
860 1202 969 1249 Not.)
1001 1202 1126 1239 Gabios
1149 1201 1243 1238 inter
1266 1201 1385 1245 urbeS,
1417 1214 1496 1251 quae
1519 1200 1584 1237 illo
1612 1211 1773 1252 ternpore

456 1265 617 1303 nondum
652 1273 768 1306 erant,
803 1271 1074 1300 memoraverat.
1142 1261 1324 1297 Caeterum
1353 1260 1462 1296 etiam
1501 1258 1636 1296 Gabiis
1664 1260 1775 1311 origo

456 1324 591 1362 Graeca
624 1322 819 1372 adscripta,
855 1331 1110 1370 nar-ratumque
1139 1320 1201 1364 est,
1234 1332 1313 1356 eam
1344 1320 1434 1356 adeo
1466 1318 1609 1355 Graecis
1639 1317 1773 1356 litteris

457 1383 628 1427 floruisse,
646 1391 684 1419 ut
699 1381 808 1419 etiam
821 1380 1000 1418 Romulus
1016 1389 1052 1418 et
1067 1381 1200 1417 Remus
1215 1377 1357 1417 liberali
1376 1378 1568 1429 disciplina
1582 1377 1774 1416 imbuendi

457 1456 502 1481 eo
522 1442 761 1479 mitterentur.
800 1440 879 1479 vid.
901 1440 1085 1478 Plutarch.
1114 1439 1152 1475 in
1173 1438 1333 1476 Romulo
1351 1452 1387 1488 p.
1409 1451 1456 1476 20
1477 1437 1528 1475 D.
1548 1438 1600 1476 T.
1621 1439 1657 1476 I.
1676 1437 1775 1481 Erff,

457 1501 616 1550 Dionys.
636 1500 700 1537 lib.
721 1499 755 1544 I,
774 1513 807 1538 c.
830 1502 879 1549 84
896 1509 932 1536 et
961 1498 1099 1537 Festum
1119 1497 1158 1534 in
1178 1498 1297 1541 Roma,
1325 1510 1370 1534 ex
1391 1496 1523 1533 Diocle
1543 1495 1775 1547 PeparethiOs

458 1560 570 1613 Qod
589 1559 651 1596 etsi
669 1558 831 1595 fabulose
857 1558 1032 1595 traditum
1051 1556 1208 1600 videtur,
1245 1556 1392 1605 Junonis
1422 1563 1541 1592 tamen
1560 1557 1713 1607 Argivae
1731 1556 1772 1593 in

456 1634 535 1658 eam
561 1618 687 1656 urbem
713 1627 852 1668 recepta
873 1618 971 1655 sacra
988 1616 1154 1667 Pelasgos
1171 1614 1368 1665 aliquando
1385 1628 1469 1651 curn
1492 1613 1777 1666 AboriginibuS‚

458 1680 529 1717 hoc
543 1679 607 1722 est,
627 1691 709 1715 cum
723 1676 912 1713 Ausonum
926 1676 1048 1727 stirpe,
1076 1688 1153 1712 eam
1173 1674 1385 1711 inhabitasse
1399 1682 1570 1723 arguunt.v

514 1737 752 1782 Praenestinis,
780 1747 820 1773 ut
830 1738 907 1785 jam
927 1736 1147 1779 monuimus,
1166 1734 1349 1786 Virgilius
1367 1733 1535 1784 adjungit
1553 1742 1682 1784 praeter
1700 1734 1778 1771 Ga·-

405 1830 408 1833 .
462 1799 570 1836 binos
584 1807 619 1834 et
639 1795 792 1833 Anienis
811 1796 966 1840 accolas,
985 1796 1156 1837 Hernicos,
1174 1803 1209 1830 et
1226 1792 1351 1830 addit:
1381 1808 1471 1843 quas,
1487 1794 1584 1830 dives
1598 1794 1778 1844 Anagnia,

458 1861 580 1909 pascis,
593 1857 759 1907 Quosque,
787 1856 949 1905 Amasene
961 1865 1076 1904 pater,
1090 1852 1216 1904 pascis.
1270 1851 1440 1902 Anagnia
1456 1861 1565 1902 caput
1592 1852 1777 1889 Hernico-

463 1931 545 1955 rum
567 1916 684 1953 adhuc
705 1924 830 1952 notum
850 1914 1025 1964 oppidum
1050 1913 1111 1951 est.
1164 1912 1360 1949 Enimvero
1382 1911 1421 1948 in
1440 1911 1623 1949 Amaseno
1650 1912 1778 1957 fluvio,

464 1976 531 2028 qui
544 1974 666 2026 paullo
685 1974 778 2011 ultra
793 1972 929 2010 Setiam
940 1982 1083 2010 exortus
1102 1971 1309 2009 Privernum
1327 1970 1600 2021 praetergressus,
1611 1984 1673 2020 per
1684 1970 1779 2009 Vol-

464 2036 607 2073 scorum
634 2034 720 2071 fines
739 2032 835 2084 apud
858 2033 1040 2069 Circaeurn
1063 2033 1101 2069 in
1117 2043 1212 2068 mare
1229 2031 1320 2075 exit,
1350 2030 1460 2067 haeret
1477 2030 1670 2067 Cluverius
1693 2030 1782 2069 Itala

456 2105 542 2133 ant.
563 2108 599 2144 p.
629 2095 721 2142 981,
747 2093 833 2129 dum
859 2092 904 2129 ad
928 2091 1110 2129 Hernicos
1128 2090 1361 2141 designandos
1375 2103 1457 2127 eum
1476 2104 1498 2126 a
1514 2094 1626 2141 po'elta
1644 2103 1782 2127 memo-

465 2154 540 2191 rari
567 2153 788 2190 arbitratur:
829 2152 923 2189 inter
950 2151 1156 2202 Anagniam
1177 2149 1289 2193 enim,
1314 2149 1559 2187 Hernicorum
1580 2150 1721 2195 urbem,
1746 2160 1782 2188 et
1835 2147 1837 2150 ’

467 2211 692 2250 Amasenum
720 2210 926 2259 interje&os
955 2211 1020 2248 esse
1050 2210 1222 2261 Signinos
1243 2218 1278 2246 et
1298 2209 1452 2248 Setinos.
1506 2209 1577 2248 Sed
1598 2209 1707 2249 sumit
1728 2210 1788 2248 vit‘

460 2272 610 2314 doetus,
644 2270 743 2321 quod
766 2274 874 2320 poeta
899 2283 972 2307 non
990 2270 1076 2315 dat3
1106 2284 1191 2308 nom
1214 2269 1311 2307 enim
1343 2270 1404 2307 ille
1435 2269 1607 2306 Amaseni
1635 2270 1779 2307 accolas

458 2330 644 2368 Hernicis
661 2339 886 2373 annumerat,
911 2329 970 2366 sed
988 2342 1056 2366 una
1071 2343 1153 2366 cum
1174 2329 1345 2367 Hernicis
1362 2342 1423 2366 eos
1450 2327 1674 2366 Praenestinis
1688 2341 1780 2367 tarn-

469 2403 580 2442 quam
598 2389 686 2425 belli
707 2388 820 2426 socios
844 2389 908 2426 sub
927 2388 1056 2427 iisdem
1075 2389 1183 2439 lignis
1201 2389 1405 2427 incedentes
1422 2389 1601 2440 adjungit.

522 2450 605 2487 Alii
622 2449 852 2487 adnotationi
866 2451 987 2487 locum
1004 2450 1093 2487 facit
1105 2450 1317 2489 Macrobius
1327 2451 1400 2489 Sat.
1421 2450 1474 2495 V,
1493 2453 1535 2488 18
1556 2451 1617 2500 qui
1635 2451 1672 2488 in
1684 2451 1784 2490 verff.

460 2512 560 2560 ⁷689.
581 2510 672 2560 690,
701 2509 766 2546 ubi
783 2509 940 2546 Hernici
954 2523 1038 2548 cum
1057 2511 1164 2548 sociis
1189 2514 1331 2563 vqstigia
1349 2511 1441 2549 nuda
1461 2512 1597 2560 sinistri
1612 2512 1784 2562 Institnere

462 2572 580 2624 pediu
626 2571 744 2608 crudus
769 2575 851 2622 tegit
881 2568 992 2608 altera
1013 2580 1106 2619 pero,
1147 2570 1364 2622 Euripidem
1391 2569 1430 2607 in
1458 2569 1662 2621 Meleagro,
1690 2572 1786 2610 unde

471 2630 591 2668 versus
608 2642 750 2680 quoque
768 2629 968 2681 adscripsit,
989 2630 1154 2682 Virgilio
1169 2641 1250 2669 ante
1267 2632 1393 2669 oculos
1412 2630 1515 2668 fuisse
1533 2632 1735 2676 contendit,
1753 2642 1788 2670 et

471 2693 591 2741 poe'tae
605 2691 711 2740 hujus
738 2691 975 2739 occultffmam
992 2692 1199 2744 dil1genliam
1219 2693 1306 2732 inde
1323 2692 1459 2744 arguit,
1478 2692 1576 2743 quod
1595 2693 1640 2730 ab
1658 2694 1790 2731 AEtolis

472 2752 542 2789 hoc
568 2752 613 2788 ad
636 2751 816 2789 Hernicos
848 2751 1040 2797 transtulit,
1073 2753 1137 2803 qui
1166 2753 1346 2808 Pelasgica
1364 2752 1468 2804 stirpe
1483 2753 1556 2790 orti
1573 2752 1618 2790 ab
1633 2752 1789 2803 Hygino

474 2812 680 2854 tradantur,
701 2823 721 2846 a
732 2824 801 2860 qua
815 2809 924 2847 etiam
943 2811 1061 2847 AEtoli
1076 2811 1253 2862 originem
1268 2811 1461 2849 habebant.
1516 2811 1634 2850 Locus
1646 2812 1692 2848 est
1707 2812 1791 2848 satis

473 2871 638 2923 copiosus
652 2887 665 2917 3
691 2871 752 2910 sed
770 2881 886 2911 totum
915 2870 1107 2911 Macrobii
1134 2886 1300 2918 acumen,
1321 2881 1358 2910 ut
1377 2885 1422 2911 ex
1438 2883 1562 2910 ammo
1579 2870 1714 2915 dicam,
1734 2870 1789 2907 in-

1662 2937 1785 2979 eptam
