1847 3313
420 285 514 333 286

611 279 664 332 Ρ.
717 274 1090 333 viRGi'LII
1148 277 1538 337 MARONIS

419 412 637 477 Classem,
661 434 770 482 quae
795 418 928 465 lateri
949 419 1205 466 castrorum
1226 420 1444 484 adjuneta
1468 421 1664 481 latebat,-

416 511 687 574 Aggeribus
705 510 899 572 sneptam
917 510 1097 557 circum
1114 522 1160 557 et
1182 510 1452 558 fluvialibus
1474 512 1628 570 undis,
1665 518 1730 576 76

414 590 604 645 Invadit
622 622 634 653 ;
670 598 910 661 sociosque
931 598 1152 645 incendia
1173 598 1324 662 poscit
1346 600 1562 655 ovanti83

412 691 572 753 Atque
596 707 791 738 manum
815 692 930 755 pinu
956 692 1172 757 flagranti
1197 692 1402 740 fervidus
1427 693 1597 756 inplet.

414 771 546 827 Tum
571 797 682 828 vero
703 781 1016 836 incumbunt;
1053 794 1224 846 urguet
1247 782 1496 847 praesentia
1519 783 1671 831 Turni
1689 798 1705 840 3·

412 874 573 936 Atque
594 875 749 920 omnis
776 873 957 920 facibus
979 874 1128 936 pubes
1161 875 1433 939 adcingitur
1455 876 1583 922 atris.

412 962 668 1026 Diripuere
691 964 855 1018 focos;

893 963 1088 1026 piceum
1113 962 1200 1010 fert
1225 963 1410 1012 fumida
1431 965 1593 1013 lumen
1663 969 1721 1028 75'

412 1048 580 1109 Taeda,
604 1064 650 1099 et
673 1053 968 1100 commixtam
989 1052 1226 1100 Volcanus
1251 1055 1310 1102 ad
1333 1055 1450 1102 astra
1475 1054 1701 1102 favillam.-

476 1141 598 1204 Qis
614 1140 745 1200 deus,
766 1157 797 1188 o
821 1141 995 1198 Musae,
1018 1154 1117 1190 tam
1141 1143 1262 1189 saeva
1287 1143 1508 1190 incendia
1527 1143 1724 1190 Teucris

409 1231 597 1279 Avertit
621 1234 638 1278 ?
684 1245 840 1280 tantos
861 1233 1040 1279 ratibus
1066 1233 1169 1296 quis
1192 1232 1379 1295 depulit
1402 1232 1534 1295 ignes
1560 1231 1578 1278 ?

454 1375 504 1405 70.
523 1368 629 1411 septem
655 1377 748 1403 unus,
773 1366 858 1409 septa
875 1366 966 1403 alius,
986 1372 1018 1396 et
1036 1367 1152 1396 cinisium
1170 1365 1251 1396 alter
1266 1365 1352 1398 Voss.
1372 1376 1422 1407 ap.
1446 1367 1556 1397 Burm.
1603 1366 1724 1410 claufimi

409 1411 651 1455 Rom.——71.
687 1429 740 1460 que
766 1415 835 1457 post
854 1417 941 1455 ficio:
965 1416 1108 1447 deletum
1125 1416 1249 1454 malim,
1274 1427 1350 1447 nam
1377 1416 1526 1459 infringit
1550 1418 1722 1449 verborum
1742 1424 1746 1427 '

409 1470 485 1501 vim.

408 1523 531 1551 monet.
551 1518 591 1549 cf.
608 1520 716 1549 Burm.

397 1571 434 1614 f.
451 1571 569 1613 sumum
592 1568 672 1600 alter
689 1568 803 1599 Hamb.
829 1579 846 1598 a
869 1579 913 1598 m.
938 1579 984 1610 pr.

576 1478 632 1508 72.
662 1470 823 1511 flagranti
841 1468 959 1500 Medic,
1008 1481 1091 1499 manu
1114 1468 1254 1500 Dorvill.

813 1526 864 1556 75.
892 1520 936 1550 D.
953 1518 1038 1560 socios
1057 1518 1158 1549 Goth.
1179 1526 1268 1556 tert„
1284 1520 1422 1550 indoste.
1463 1530 1496 1564 p.
1515 1523 1602 1564 infert
1618 1524 1724 1566 Sprot.

1280 1470 1368 1511 infert
1390 1469 1468 1500 aiios
1481 1471 1587 1511 legere
1603 1471 1727 1502 Fabric-

1077 1579 1129 1608 77.
1159 1570 1224 1612 Qsi
1238 1570 1305 1600 drus
1322 1570 1406 1601 Gud.
1433 1582 1450 1601 a
1466 1582 1510 1602 m.
1524 1582 1571 1614 pr.
1665 1573 1718 1614 78,

406 1623 492 1654 tantis
508 1622 590 1662 Reg.
615 1631 689 1652 cum
709 1620 810 1651 Goth.
830 1621 892 1651 see.
938 1622 987 1663 qui
1010 1621 1095 1652 Ven.
1143 1621 1245 1652 detulit
1263 1623 1395 1664 Menag.
1420 1630 1471 1665 pr.

402 1748 483 1778 cros,
502 1733 707 1771 facultatem
725 1739 760 1770 et
777 1732 927 1770 modum
946 1733 1028 1784 sup-

402 1785 542 1835 peditet
558 1785 730 1823 eliciendi
757 1799 829 1822 eos.
884 1786 947 1822 68.
975 1802 1028 1821 a*-

403 1853 485 1888 quor
508 1848 718 1888 'camporum
745 1836 843 1874 haud
860 1835 986 1875 dubie.

457 1903 520 1939 70.
565 1890 790 1939 Comparant
823 1889 1025 1939 exemplum

403 1938 532 1989 Ajacis
554 1951 591 1978 et
617 1941 725 1977 verba
749 1939 856 1977 Iliad.
890 1958 919 1984 ο,
950 1942 1025 1992 716

402 1989 481 2041 sqq.
535 2005 583 2043 72
606 1995 787 2044 frvidus,
805 1998 845 2028 ut
861 1994 1025 2041 fervidas

403 2047 504 2094 &stat
522 2044 598 2088 IX,
620 2058 705 2095 350
736 2044 791 2088 X,
824 2045 897 2093 788
925 2046 1025 2082 etal.

403 2108 467 2153 J4-
488 2100 673 2154 accngimr
683 2095 838 2138 facibuS,
854 2105 1026 2141 armatur,

401 2147 603 2192 instruitur,
641 2158 711 2184 ut
703 2147 915 2185 ‘zlteroloco
935 2150 1026 2185 refle

403 2200 523 2243 Serv„
550 2210 589 2235 ut
607 2199 697 2236 adeo
716 2199 848 2236 mirum
876 2211 947 2235 non
967 2200 1024 2245 fit,

400 2255 545 2300 poetam
579 2251 683 2301 supra
715 2251 808 2293 VII,
849 2252 916 2300 187
944 2250 1026 2289 lztao

399 2302 582 2354 trabeaque
625 2313 704 2352 succ
690 2309 795 2340 mc&
798 2317 829 2338 m
881 2301 1025 2340 dixisse.

400 2365 466 2404 75.
481 2358 545 2405 foc
547 2370 591 2397 os,
626 2365 659 2404 q
654 2367 714 2390 los
740 2367 760 2390 a
789 2353 936 2390 Rutulis
961 2368 1024 2392 ex—

399 2407 537 2455 templo
566 2399 756 2442 exsti-sueto
790 2405 891 2442 fuiffe
921 2407 1024 2456 cogi

399 2459 552 2493 tandum
596 2458 658 2495 est.
722 2456 872 2493 Haerent
906 2437 1023 2508 intpp

397 2520 483 2545 cum
504 2509 642 2546 Servio.
687 2509 909 2545 Burmannus
923 2508 1024 2546 focos

398 2561 588 2610 agrestium
614 2559 652 2596 in
678 2560 770 2597 vicis
793 2559 1023 2599 circumvici-

398 2612 454 2648 nis
472 2612 541 2649 adv
544 2611 685 2649 ocabat

452 2678 498 2722 77
521 2664 597 2714 sqq.
637 2662 824 2705 Fabulam,
860 2676 941 2714 quae
972 2663 1023 2700 se-

398 2716 540 2765 quitur,
568 2726 750 2764 tamquam
769 2714 959 2751 absurdam
986 2725 1022 2751 et

397 2767 502 2816 epica
531 2780 612 2817 grai
605 2767 710 2803 itate
744 2765 931 2816 indignam
967 2779 1023 2803 re·-

397 2818 642 2868 prehendere'
634 2831 671 2854 m
702 2827 843 2868 promtu
863 2818 940 2854 est:
986 2826 1022 2854 et

399 2871 701 2920 reprehenderunt
715 2882 792 2908 eam
807 2869 929 2916 multi,
955 2868 1023 2908 eti-

1095 1747 1152 1771 am
1167 1748 1187 1771 e
1209 1733 1403 1778 veteribus,
1432 1742 1471 1770 ut
1493 1746 1512 1770 e
1530 1732 1656 1772 Servio
1672 1734 1720 1772 acl

1093 1799 1129 1822 v.
1170 1791 1216 1825 82
1255 1796 1351 1834 patet
1368 1799 1377 1822 ε
1422 1786 1719 1836 quandoquidem

1093 1837 1233 1874 minore
1263 1837 1334 1874 hoc
1360 1837 1525 1874 doetrina
1560 1837 1718 1888 indigetj

1093 1902 1201 1939 quam
1228 1889 1447 1939 argumentis
1480 1888 1619 1925 idoneis
1637 1896 1716 1927 eam

1091 1941 1293 1978 defendere.
1329 1939 1412 1977 Nec
1428 1954 1490 1978 nos
1503 1940 1717 1987 infitiamur,

1091 2004 1112 2028 a
1128 1993 1254 2030 nostris
1271 1992 1424 2029 senfibus
1441 2003 1477 2029 et
1490 1992 1717 2042 phantasma-1

1091 2043 1188 2081 tibus
1199 2057 1278 2081 eam
1296 2043 1452 2081 nimium
1468 2054 1641 2094 quantum
1652 2044 1716 2083 ab*

1092 2095 1249 2133 horrere.
1304 2095 1386 2132 Nec
1414 2108 1499 2132 xero
1519 2095 1627 2132 Maro
1645 2096 1716 2134 hoe

1092 2159 1166 2184 non
1177 2147 1372 2198 persenfiffe
1386 2157 1421 2184 et
1437 2146 1509 2197 ipse
1523 2161 1540 2182 1
1546 2146 1638 2184 ideri
1652 2148 1715 2185 de-

1088 2198 1163 2237 bet
1199 2200 1247 2236 cf.-
1265 2197 1357 2236 Exc.
1378 2198 1474 2235 Vin
1491 2199 1537 2235 ad
1555 2198 1621 2236 lib.
1640 2198 1715 2238 ΙΠ-

1091 2249 1177 2288 Hoc
1197 2250 1293 2287 enim
1311 2259 1402 2293 etat,
1416 2263 1481 2287 cur
1499 2263 1594 2287 novo
1613 2263 1715 2288 more

1089 2302 1228 2339 aditum
1271 2301 1338 2339 fibi
1382 2302 1428 2338 ad
1468 2301 1710 2340 narrationem

1089 2354 1244 2390 muniret
1263 2370 1273 2398 ;
1302 2353 1492 2403 Apollonii
1511 2353 1633 2404 utique
1650 2367 1715 2391 ex-

1087 2406 1224 2456 emplo,
1244 2405 1308 2443 lib.
1328 2405 1401 2450 IV,
1425 2409 1515 2453 1381
1535 2404 1573 2454 sq
1551 2419 1629 2455 qq,
1647 2405 1712 2443 ubi

1090 2469 1214 2493 navem
1243 2470 1307 2506 per
1335 2456 1471 2493 deserta
1500 2456 1629 2506 Libyae
1647 2456 1714 2493 hu-

1090 2508 1197 2545 meris
1215 2508 1427 2557 Minyarum
1443 2508 1612 2558 gestatam
1630 2517 1713 2545 nar-

1090 2564 1227 2597 taturus
1238 2570 1327 2597 erat.
1381 2559 1508 2597 Potuit
1521 2569 1638 2596 autem
1653 2559 1712 2596 in-

1088 2620 1143 2647 ter
1173 2621 1306 2649 veteres
1332 2611 1409 2648 haec
1439 2610 1560 2647 fabula
1589 2611 1712 2648 minus

1087 2661 1293 2713 displicere,
1319 2675 1403 2699 cum
1421 2674 1462 2698 ea
1479 2673 1596 2700 vetere
1614 2662 1711 2700 fama

1087 2724 1234 2764 accepta
1257 2714 1360 2759 effet3
1388 2723 1424 2751 et
1438 2713 1546 2750 Maro
1559 2728 1637 2752 eam
1655 2727 1710 2752 re-

1089 2775 1207 2816 petere
1223 2766 1359 2817 potuit,
1390 2778 1474 2802 cum
1500 2776 1634 2803 veteres
1663 2766 1712 2802 de·

1088 2817 1212 2854 AEneae
1255 2817 1410 2854 adventu
1463 2816 1602 2854 fabulas
1643 2829 1712 2867 pro

1087 2868 1243 2923 gemmis
1256 2879 1291 2909 et
1301 2868 1467 2909 stellulis
1457 2878 1616 2908 intexere
1631 2868 1713 2958 tselae

1656 2932 1711 2958 ηπ
