1847 3313
445 297 563 345 AD
618 295 1136 344 LIBRUMIX,
1363 313 1454 360 373

152 435 343 474 Consentit
360 436 398 474 in
417 436 486 473 hoc
505 433 623 472 omnis
638 434 808 477 vetustas,
835 432 944 470 etiarn
966 432 1257 482 patriarcharum
1275 442 1311 470 et
1328 432 1457 482 judai-

152 509 207 533 cae
222 497 341 546 gentis
358 511 369 540 ;
397 495 573 534 consentit
586 493 703 532 omnis
723 493 960 531 barbarorum
985 506 1028 529 ac
1054 493 1214 529 ferorum
1234 494 1458 543 populorum

154 556 283 607 stirps;
310 557 385 607 ipsa
400 565 529 594 natura
544 555 715 592 humana.
773 554 855 603 Jam
874 546 996 604 prouti
1014 554 1114 590 cultu
1132 552 1363 603 ingeniorum
1396 562 1459 589 aut

151 617 265 660 nullo,
293 628 354 654 aut
374 617 511 667 aliquo,
540 625 602 653 aut
632 614 863 664 exquisitiore
883 613 1031 650 imbutae
1048 613 1125 650 sunt
1147 623 1289 663 gentes,
1317 612 1369 649 dii
1396 624 1459 651 aut

153 679 297 722 robore,
326 690 387 716 aut
403 678 600 730 sagacitate
619 686 655 714 et
673 675 879 726 prudentia,
908 688 970 713 aut
988 674 1118 725 opibus
1146 685 1182 711 et
1208 674 1374 725 potentia
1392 686 1458 710 ex-

152 740 325 776 cellentes
341 748 562 781 occurrunt3
589 737 642 774 ita
668 736 713 772 ad
745 735 812 772 suae
839 746 976 772 naturae
995 735 1184 772 modulum
1200 735 1304 785 fingit
1325 746 1459 771 numen

153 799 313 836 humana
331 812 454 843 mens;
485 810 631 848 quoque
645 809 688 833 ea
706 795 780 844 ipsa
793 795 989 845 perfectior
1007 806 1043 832 et
1061 794 1193 832 divinae
1208 794 1369 837 similior,
1396 794 1460 831 etfi

148 857 301 897 „infini'is
318 858 532 899 intervallis,
561 855 755 906 aliquando
771 856 839 892 erit
854 855 1008 896 reddita,
1036 867 1079 891 eo
1100 854 1242 891 veriora
1259 864 1295 890 et
1311 853 1459 904 dignio-

155 932 194 955 ra
210 919 373 956 Numine
393 917 588 968 cogitabit.
644 915 851 953 Secundum
878 916 954 952 hcec
981 915 1088 952 facile
1119 915 1166 951 est
1189 914 1233 951 ad
1252 914 1460 962 intelligen-

153 977 256 1021 dum,
285 979 460 1024 quamdiu
477 977 633 1026 speciem
650 975 783 1012 divinae
803 986 938 1013 naturae
958 975 1002 1012 ad
1024 975 1219 1012 humanam
1239 983 1462 1023 attempera-

152 1037 207 1074 vit
228 1039 440 1088 antiquitas,
467 1037 503 1074 ei
536 1036 695 1074 debuisse
725 1035 936 1085 opinionem
973 1034 1019 1071 de
1038 1034 1202 1076 occursu,
1231 1033 1463 1083 apparitione

150 1107 190 1134 et
216 1098 456 1135 contubernio
491 1096 642 1133 deorum
677 1095 896 1132 familiarem
929 1096 1018 1138 effe;
1062 1093 1229 1145 inprimis
1258 1107 1339 1131 cum
1373 1091 1463 1129 locis

151 1158 260 1201 adeo,
291 1159 395 1195 terris
414 1169 450 1194 et
480 1155 645 1198 urbibus,
673 1155 760 1192 deos
793 1155 871 1191 suos
899 1154 1073 1208 tutelares
1101 1155 1329 1205 affignarent.
1385 1151 1462 1188 Irn-

151 1216 264 1254 buere
277 1217 338 1254 ista
356 1217 526 1267 opinione
541 1215 732 1253 hominum
746 1215 884 1251 animos
900 1214 1017 1250 multo
1032 1214 1151 1264 magis
1164 1213 1292 1251 debuit
1306 1211 1463 1250 solitudo

153 1277 246 1314 ruris
267 1291 306 1314 ac
325 1278 523 1319 filvarum3
572 1275 661 1312 raris
699 1274 889 1311 hominum
919 1273 1150 1310 commerciis
1175 1285 1212 1311 et
1240 1272 1465 1310 advenarum

153 1338 370 1374 acceffibus:
399 1345 670 1387 potueruntque
700 1333 801 1370 credi
831 1334 983 1370 deorum
1003 1333 1134 1384 species
1155 1333 1270 1371 oculis
1299 1332 1463 1380 objectae,

150 1397 317 1447 inprimis
337 1396 540 1437 hominum,
569 1394 632 1445 qui
647 1393 815 1444 religioso
833 1403 933 1431 metu
950 1403 1183 1437 tenerentur;
1211 1395 1260 1431 cf.
1280 1394 1409 1443 Odyff.
1427 1412 1463 1436 κ,

154 1471 223 1496 20!
249 1458 324 1508 sqq.
380 1456 606 1507 Opinionem
640 1455 741 1492 illam
774 1465 965 1505 acceptam
1004 1454 1153 1491 retinuit
1185 1454 1388 1504 posteritas,
1425 1463 1464 1491 et

154 1519 269 1569 vulgo
295 1527 442 1555 narrata
468 1516 504 1553 in
530 1516 748 1553 miraculum
772 1515 889 1552 auxit.
944 1514 1075 1565 Qid?
1120 1515 1218 1564 quod
1245 1515 1319 1565 ipse
1347 1514 1465 1551 sermo

152 1579 344 1617 hominum
363 1578 510 1616 rudium
523 1578 657 1614 nullam
673 1577 795 1618 aliam,
824 1577 889 1613 nisi
908 1576 954 1612 ab
975 1577 1160 1613 oculorum
1179 1576 1278 1614 sensu
1292 1576 1463 1626 petitam,

151 1639 306 1690 speciem
319 1639 470 1677 deorum
486 1637 681 1674 admittere
697 1637 816 1686 potuit
831 1651 841 1680 ;
871 1635 1043 1686 quodque
1058 1635 1094 1672 in
1110 1636 1298 1687 vulgarem
1312 1637 1463 1686 loquen-

152 1699 244 1736 tium
279 1699 376 1737 usum
406 1697 619 1734 conversum
653 1697 723 1733 hoc
753 1695 838 1737 fuit,
867 1706 920 1737 ut,
949 1694 1125 1745 quicquid
1154 1695 1309 1733 evenisse
1338 1695 1466 1732 dicere

153 1758 304 1801 vellent,
333 1771 352 1794 a
371 1756 441 1793 deo
461 1756 595 1792 factum
617 1766 652 1792 et
672 1756 856 1804 peraCtum
884 1754 952 1790 effe
973 1754 1158 1791 dicerent:
1206 1754 1303 1805 quod
1325 1754 1465 1791 nemini

153 1831 227 1855 non
242 1818 276 1855 in
293 1815 449 1855 Homeri
464 1814 619 1853 leelione
636 1817 694 1852 vel
713 1827 914 1865 paucorum
929 1814 1093 1851 versuum
1118 1827 1307 1852 occurrere
1322 1813 1464 1851 debuit.

153 1877 260 1915 Nihil
278 1877 315 1914 in
337 1876 390 1913 his
404 1875 472 1912 effe
492 1873 615 1917 video,
646 1874 743 1924 quod
763 1883 838 1911 tarn
854 1872 986 1909 mirum
1002 1872 1118 1909 videri
1135 1873 1283 1917 debeat,
1312 1887 1464 1923 quomo-

152 1936 201 1974 do
216 1937 252 1973 in
269 1934 458 1973 hominum
472 1934 613 1971 animos
628 1933 769 1971 venerit
785 1947 796 1977 ;
823 1931 882 1969 sed
897 1931 1078 1982 probabili
1099 1931 1376 1982 aliquojudicio
1395 1934 1464 1969 hu-

153 1997 270 2035 manis
286 1994 442 2046 ingeniis
459 1993 610 2034 insidere
626 2006 668 2030 ea
684 1992 811 2042 opinio
827 1992 961 2042 ubique
978 2002 1014 2028 et
1028 1991 1311 2044 omnitempore
1323 1993 1464 2037 debuit,

152 2067 191 2093 et
205 2056 327 2093 adhuc
345 2054 477 2092 insidet
496 2053 661 2090 barbaris
677 2052 837 2103 populis,
864 2061 1045 2102 quotquot
1064 2051 1199 2089 divinae
1227 2064 1362 2091 naturae
1386 2054 1464 2091 for-

153 2129 214 2154 ma
231 2116 390 2152 humana
410 2113 550 2151 animos
570 2113 707 2150 habent
724 2113 898 2154 imbutos,
912 2111 1023 2150 modo
1042 2125 1111 2149 non
1123 2113 1168 2149 ab
1185 2114 1282 2151 omni
1299 2115 1464 2152 humani.

153 2175 239 2212 tatis
257 2175 355 2212 cultu
372 2172 480 2210 alieni
495 2173 587 2216 fint;
629 2185 714 2209 nam
737 2171 922 2222 quomodo
943 2185 1066 2209 eorum
1087 2172 1290 2218 hominum,
1317 2173 1379 2224 qui
1399 2188 1465 2224 per

153 2233 407 2284 hieroglypha
435 2232 480 2269 ad
514 2231 755 2270 animantium
789 2232 926 2269 formas
956 2231 1120 2269 divinam
1140 2233 1295 2282 speciem
1311 2248 1466 2273 revoca-

153 2305 250 2337 runt,
278 2293 391 2330 animi
410 2292 529 2330 affecti
545 2292 624 2336 sint,
652 2305 804 2341 quaeque
838 2292 1090 2340 phantasmata
1119 2304 1182 2330 aut
1214 2294 1301 2330 olim
1322 2294 1464 2346 AEgyp-

152 2354 288 2391 tiorum
320 2362 382 2390 aut
402 2365 495 2389 nunc
514 2351 693 2389 Indorum
723 2351 905 2388 mentibus
937 2352 1002 2388 fint
1031 2352 1188 2401 objetfta,
1215 2353 1360 2403 quoties
1377 2354 1466 2392 deos

152 2414 335 2465 cogitant,
363 2425 434 2450 non
453 2411 560 2450 facile
579 2412 665 2450 licet
683 2411 843 2462 assequi3
884 2424 956 2462 quo
988 2411 1064 2462 ipso
1094 2414 1230 2450 necesse
1266 2415 1329 2457 est,
1356 2413 1464 2452 innu-

155 2487 255 2511 mera
273 2472 316 2510 iis
335 2471 407 2510 alia
425 2485 445 2508 a
463 2472 582 2509 nostro
609 2471 840 2522 percipiendi
858 2481 894 2507 et
913 2471 1103 2520 cogitandi
1137 2486 1239 2510 more
1266 2473 1410 2512 diversa
1427 2485 1466 2513 et

153 2533 273 2571 aliena
290 2545 498 2575 occurrere,
525 2532 571 2568 de
608 2532 737 2582 quibus
757 2545 820 2568 nos
845 2532 940 2568 male
969 2545 1011 2569 ac
1032 2546 1225 2583 perperam
1242 2534 1466 2582 judicamus,

152 2605 238 2630 cum
253 2592 395 2630 easdem
415 2592 581 2630 notiones
601 2605 722 2629 rerum
741 2591 863 2628 animo
882 2604 955 2628 non
974 2593 1280 2632 circumferimus.
1337 2595 1467 2633 Graeci

154 2663 278 2690 autern
298 2661 439 2688 veteres
473 2652 588 2689 multo
619 2651 735 2702 magis
768 2650 951 2701 proclives
980 2652 1024 2688 ad
1056 2666 1137 2688 earn
1157 2653 1366 2701 opinionem
1386 2667 1465 2692 am-

153 2710 379 2763 plectendam
398 2711 466 2747 effe
486 2710 661 2753 debuere,
689 2710 987 2760 quandoquidem
1017 2711 1060 2748 iis
1079 2712 1149 2748 hoc
1170 2722 1358 2762 tamquam
1378 2727 1466 2764 pro-

154 2771 275 2822 prium
291 2769 462 2808 tribuitur
476 2770 522 2808 ab
537 2770 732 2809 Herodoto
749 2771 782 2814 1,
807 2783 872 2821 131
912 2771 971 2808 τὲς
1002 2770 1076 2809 Ξεὲς
1109 2771 1347 2822 άνὲξπωοφι-εῑς
1381 2774 1466 2820 effe,

154 2844 264 2886 quern
282 2830 404 2870 locum
423 2840 592 2871 accurate
611 2830 817 2883 expositum
838 2843 956 2883 nuper
976 2831 1134 2872 vidimus
1172 2833 1218 2871 ab
1247 2834 1347 2873 Abb.
1370 2834 1399 2872 F
1403 2846 1466 2872 ou-

1378 2896 1467 2934 cher
