1847 3313
279 249 377 299 700
474 232 527 279 P.
586 228 978 278 VIRGILII
1030 231 1432 284 MARONIS

281 358 519 422 juppiter,
555 356 696 418 inque
715 371 858 402 omen
882 355 1102 416 Juturnae
1125 372 1372 405 occurrere
1397 354 1544 419 juffit.

279 448 369 494 Illa
392 446 534 501 volat,
556 441 791 504 celerique
805 441 865 487 ad
882 453 1058 487 terram
1075 440 1265 488 turbine
1289 440 1466 486 fertur:
1507 442 1559 502 85
1570 450 1594 501 5

279 543 393 590 Non
407 540 550 594 secus,
566 552 620 584 ac
636 550 784 582 nervo
804 549 890 597 per
912 532 1092 579 nubem
1116 531 1303 595 inpulsa
1325 531 1498 594 sagitta
1516 553 1530 584 3

280 635 534 681 Armatam
557 625 668 673 saevi
694 623 894 672 Parthus
913 637 1059 684 quam
1079 620 1190 668 felle
1215 621 1401 676 veneni,

282 720 499 774 Parthus,
538 715 634 762 five
660 710 847 772 Cydon,
885 708 1036 755 telum
1065 705 1418 763 inmedicabile,
1439 704 1601 759 torfit3

284 809 494 858 Stridens
520 819 566 852 et
590 800 754 850 celeris
773 798 1017 862 incognita
1039 796 1237 844 tranfilit
1259 795 1468 845 umbras.

282 930 300 950 e
316 918 419 950 palat.
439 915 552 952 edidit,
586 913 636 944 cui
654 912 737 943 Pier.
757 917 789 942 et
801 909 875 942 Nic.
895 907 1020 940 Heinsii
1034 907 1127 939 codd.
1145 906 1327 949 adstipulati
1340 906 1425 938 sunt.
1473 907 1509 937 In
1525 916 1606 938 non.

283 971 377 1002 nullis
407 970 508 1011 dimisit
522 979 532 999 .·
570 977 618 1008 pr.
649 966 768 995 Moret.
790 962 927 992 dimittit:
965 960 1096 991 tandem
1125 969 1173 1000 pr.
1207 958 1323 990 Han-ib.
1365 957 1474 1001 summo
1498 959 1605 1000 demisit

282 1024 407 1066 Olympo.
425 1014 427 1018 ’
499 1017 574 1057 856.
599 1029 618 1047 α
635 1027 723 1047 nervo
739 1015 813 1044 Exc.
832 1015 940 1043 Burm.
980 1024 999 1044 a
1015 1023 1104 1042 verno
1122 1010 1280 1041 Montalb.
1372 1009 1444 1049 857.
1462 1011 1606 1042 Armatus

286 1076 393 1114 Sprot.
419 1082 437 1101 a
453 1080 497 1099 m.
516 1069 574 1099 sec.
620 1067 765 1098 Arma-vit
789 1064 890 1094 Goth.
918 1063 976 1093 see.
1022 1074 1108 1105 quam
1129 1063 1262 1092 Parthus
1287 1059 1434 1091 Parthas.
1481 1060 1606 1091 Malim

288 1125 443 1157 Codiecm
455 1120 594 1161 aliquem
611 1128 669 1159 pro
686 1117 818 1148 Parthus
835 1114 1004 1146 meliorem
1019 1113 1095 1144 dare
1112 1112 1283 1143 leetionem
1298 1123 1306 1149 3
1331 1121 1406 1142 nam
1429 1111 1509 1141 illud
1528 1111 1606 1142 viti-

282 1176 373 1206 osum
391 1174 500 1214 utique
514 1170 574 1202 effe
591 1168 748 1199 arbitror:
791 1166 880 1209 Qid
901 1165 989 1196 enim
1016 1165 1160 1200 Parthus,
1191 1162 1317 1193 Parthus
1340 1163 1405 1202 five
1421 1163 1525 1204 Cydon,
1547 1168 1605 1193 aut

285 1226 455 1268 gravitatis
482 1230 537 1254 aut
569 1219 734 1252 suavitatis
763 1216 904 1248 habeat?
949 1219 1018 1247 Aut
1036 1226 1137 1257 genus
1152 1213 1338 1256 ponendum
1354 1221 1434 1250 erat,
1455 1221 1490 1244 ut
1517 1213 1602 1244 indi-

284 1281 380 1311 vidua
396 1277 448 1308 vel
464 1277 577 1307 formae
594 1273 820 1313 sequerentur:
845 1277 900 1300 aut
912 1276 1085 1308 utrumque
1101 1265 1293 1301 iterandum,
1311 1272 1347 1295 ut
1362 1275 1397 1298 v..
1413 1275 1439 1295 c.
1458 1264 1542 1299 Iliad,
1565 1279 1605 1308 χ,

286 1341 363 1370 127.
385 1328 458 1361 128.
506 1328 616 1362 Latet,
633 1323 783 1360 arbitror,
796 1320 965 1363 epitheton
981 1319 1033 1349 seu
1050 1319 1161 1349 Parthi
1178 1318 1209 1347 in
1227 1316 1272 1358 sq.
1289 1315 1394 1351 versu,
1421 1316 1474 1346 seu
1496 1317 1579 1359 fellis
1591 1333 1604 1352 ,-

283 1394 315 1414 ν.
336 1394 362 1414 c.
386 1382 539 1412 Amatam
554 1377 634 1421 saevi
642 1374 749 1416 fallax
766 1384 851 1416 quam
868 1378 928 1402 etc.
948 1377 1003 1400 aut
1021 1368 1123 1400 simile
1144 1367 1232 1409 quid.
1280 1365 1348 1397 Nisi
1364 1365 1479 1397 ultima
1495 1370 1604 1408 poe'tae

284 1444 398 1466 manus
425 1429 529 1461 versui
552 1426 661 1458 deest:
689 1425 775 1465 quod
800 1421 965 1465 probabile
993 1419 1038 1451 fit.
1086 1417 1296 1449 Waddelium
1313 1427 1397 1448 nunc
1413 1417 1508 1448 video
1523 1418 1606 1449 Ani-

285 1485 393 1517 rnadv⁴
414 1481 497 1514 Crit.
514 1491 547 1522 p.
569 1487 608 1518 39
627 1474 794 1517 conjecisse
817 1473 978 1514 Arcustve
993 1471 1085 1513 Cydon
1100 1475 1115 1501 .·’
1133 1468 1196 1505 vel,
1213 1469 1329 1500 Partho
1341 1469 1412 1509 sive
1434 1468 1537 1510 Cydon,
1567 1468 1604 1500 h,

285 1539 318 1568 in
337 1534 512 1569 Parthun13
537 1529 625 1571 prius
637 1526 714 1558 ferri
726 1524 828 1567 poffit.
874 1526 925 1566 Jo.
952 1522 1119 1553 Schrader.
1146 1526 1254 1550 autem
1272 1517 1358 1551 Obff.
1389 1519 1414 1556 1,
1437 1528 1469 1555 2,
1500 1531 1533 1560 p.
1564 1529 1604 1560 17

286 1589 439 1620 Armatam
452 1583 536 1627 sevo
558 1581 650 1623 patrii
673 1589 758 1621 quam
772 1576 849 1619 felle
862 1576 976 1611 veneni,
1002 1571 1165 1615 ingeniose
1182 1570 1235 1601 sed
1249 1580 1363 1612 parum
1380 1569 1602 1611 probabiliter.

285 1637 420 1668 felicius
436 1632 579 1665 Kenzius
591 1629 710 1660 noster:
735 1627 910 1668 Cet-tusstve
923 1625 1027 1667 Cydon.
1120 1621 1193 1660 858.
1210 1621 1261 1664 sim
1278 1622 1310 1652 C.
1336 1620 1484 1659 oudam,
1506 1623 1600 1654 male.

284 1690 325 1720 cf.
344 1688 410 1719 Ecl.
429 1688 474 1722 X,
490 1694 544 1726 59.
584 1680 744 1713 medicabile
761 1679 858 1710 idem.
952 1676 969 1708 8
971 1685 1026 1717 59.
1048 1686 1137 1706 auras
1161 1671 1334 1704 nonnullos
1347 1671 1455 1714 legisse
1471 1673 1605 1705 testatur

285 1740 423 1775 Servius,
446 1737 501 1779 qui
519 1746 588 1766 rem
613 1732 696 1764 male
714 1729 841 1772 expedit
867 1729 906 1760 de
924 1727 1039 1759 umbra
1060 1725 1197 1767 sagittae.
1244 1725 1364 1760 Immo,
1389 1723 1429 1754 ad
1449 1724 1605 1764 majorem

290 1788 523 1834 phantasmatis
538 1787 708 1816 horrorem
723 1793 782 1823 pro
797 1783 876 1812 auris
892 1777 1076 1820 exquisitius
1104 1776 1185 1808 dixit
1208 1774 1335 1811 umbras,
1356 1773 1388 1806 h.
1416 1784 1446 1805 e.
1472 1775 1603 1817 nigrum

292 1848 414 1878 aerem,
428 1850 522 1882 quem
540 1834 713 1868 transvolat
731 1832 861 1874 sagitta:
886 1830 961 1861 hinc
985 1830 1082 1861 celeres
1099 1828 1221 1864 umbrae,
1249 1833 1287 1856 ut
1302 1825 1399 1856 celeres
1414 1837 1508 1863 aurae,
1531 1837 1603 1868 quae

287 1894 432 1926 {cleriter
453 1889 675 1921 transmittunt
697 1885 809 1915 telum.
857 1882 921 1914 Vix
941 1889 1051 1912 tamen
1079 1882 1186 1917 Maro,
1212 1877 1235 1909 fi
1252 1886 1381 1908 carmen
1397 1877 1606 1917 emendasset„

285 1958 335 1977 ter
348 1945 460 1976 eadem
469 1952 547 1972 voce
564 1939 677 1970 usurus
691 1935 796 1967 fuisset
825 1934 900 1973 853.
924 1933 998 1973 356.
1015 1932 1091 1974 859.

287 2037 443 2086 dignum
478 2030 536 2075 s1t,
572 2025 761 2065 indefinite
793 2022 914 2072 loqui,

289 2089 488 2138 Megaeram
516 2078 707 2130 designasse
735 2074 915 2112 dicendus

289 2143 364 2179 cst:
412 2151 514 2173 unam
548 2132 655 2169 illam.
724 2131 809 2179 855·-
839 2137 915 2163 tur-

290 2196 364 2230 bme
390 2188 506 2237 simpl.
526 2197 592 2234 pro
614 2191 714 2218 motu
733 2180 808 2227 sup.
842 2190 916 2226 320

290 2258 325 2282 et
356 2255 443 2293 53¹·
501 2236 613 2273 Volat
641 2231 804 2281 Megaera
824 2239 914 2268 tam..

290 2307 399 2346 quam
419 2288 551 2341 sagitta
571 2298 655 2322 arcu
668 2283 802 2320 emissa.
851 2292 917 2331 per

289 2348 422 2387 nahem,
449 2349 556 2391 auget
586 2334 811 2388 phantasma,
847 2346 915 2383 pro

289 2412 352 2449 per
367 2402 500 2433 aerem.
544 2388 692 2427 Parthos
706 2384 844 2436 sagittis
858 2398 917 2421 ve-

292 2449 429 2487 nenatis
444 2446 524 2483 usos
542 2443 623 2484 effe,
641 2438 758 2477 firmat
774 2435 918 2473 Servius

292 2499 433 2539 Lucani
461 2493 674 2533 auftoritate
706 2489 773 2526 lib.
805 2487 917 2531 VIII,

294 2567 383 2604 303.
406 2562 490 2600 304.
532 2543 653 2582 Verba
672 2540 839 2579 Maronis
855 2551 918 2576 ex-

290 2595 408 2657 preffit
432 2600 542 2637 Silius
578 2596 644 2632 lib.
680 2592 795 2635 XIII,
833 2603 916 2640 197·

299 2659 383 2707 198.
439 2653 502 2688 An
537 2648 679 2688 Cretes,
709 2657 754 2682 ex
786 2642 917 2693 quibus

290 2708 465 2756 Cydones
492 2701 573 2739 sunt
618 2695 713 2747 (vid.
759 2694 912 2732 Homer.

292 2758 421 2807 Odyff.
450 2772 487 2797 τ,
522 2752 606 2802 176,
641 2758 677 2785 et
704 2766 744 2794 γ,
775 2758 866 2798 292,
885 2757 915 2801 *a

291 2812 423 2864 quibus
454 2803 626 2856 Cydonia
653 2799 768 2847 urbs),
799 2796 913 2835 medi-

980 2019 1057 2057 cari
1076 2018 1146 2056 tela
1164 2029 1302 2053 veneno
1321 2014 1420 2053 soliti
1451 2015 1606 2059 fuerint,

981 2071 1188 2120 constetque
1202 2082 1243 2105 ea
1257 2067 1301 2104 de
1313 2080 1350 2103 re
1365 2065 1527 2110 aliunde,
1547 2067 1605 2117 ig-

981 2122 1156 2160 norabam
1174 2133 1183 2157 ε
1202 2120 1250 2156 est
1265 2130 1383 2156 tamen
1401 2118 1491 2155 alter
1504 2119 1606 2156 locus

981 2178 1041 2226 ap.
1079 2171 1233 2210 Lucian.
1271 2169 1428 2220 Nigrin.
1462 2170 1514 2207 T.
1548 2169 1605 2215 Π,

982 2240 1066 2277 pag.
1083 2237 1148 2275 79,
1175 2222 1238 2260 ubi
1257 2222 1302 2259 ad
1317 2222 1361 2259 h..
1373 2221 1397 2258 1.
1428 2233 1605 2272 provocat

984 2277 1125 2315 Hemst.
1190 2276 1235 2312 In
1263 2272 1454 2310 venatione
1480 2272 1604 2311 saltem

983 2327 1166 2366 venenatis
1184 2325 1322 2378 sagittis
1334 2324 1414 2361 usus
1430 2324 1496 2361 effe
1509 2325 1606 2375 apud

983 2394 1042 2418 eos
1061 2378 1195 2430 potuit,
1232 2387 1395 2414 veterum
1411 2385 1447 2412 et
1467 2378 1605 2413 nostro-

985 2446 1065 2471 rum
1132 2429 1365 2467 barbarorum
1424 2428 1604 2478 exemplo.

983 2484 1048 2521 Fel
1061 2485 1199 2526 veneni,
1216 2489 1356 2523 ornate,
1375 2487 1416 2515 ut
1432 2478 1546 2524 virus,
1574 2479 1603 2518 i.

982 2549 1014 2573 e.
1043 2535 1169 2572 succus
1182 2545 1338 2576 amarus,
1355 2530 1502 2568 noxius.
1555 2541 1604 2567 te-

983 2587 1055 2626 lum
1071 2583 1320 2628 immedicabile,
1347 2582 1448 2632 quod
1475 2582 1604 2620 vulnus

983 2636 1182 2676 insanabile
1196 2635 1298 2672 facit.
1340 2633 1399 2670 De
1413 2646 1493 2671 voc.
1515 2635 1605 2670 Par-

982 2690 1059 2728 thus
1064 2690 1148 2739 five
1162 2688 1193 2723 C
1184 2689 1274 2739 ydon
1293 2685 1371 2724 vid.
1389 2684 1482 2723 Var.
1501 2684 1618 2727 Le&.‚

977 2751 1163 2784 armatam,
1221 2738 1384 2776 tinctam.
1465 2735 1607 2776 umbras

978 2806 1046 2844 pro
1063 2795 1147 2830 aete
1161 2789 1276 2828 dixit.
1303 2789 1381 2829 vid.
1408 2787 1503 2825 ibid.

1139 2855 1154 2880 1
1419 2839 1508 2879 862.
1529 2838 1608 2876 Ha-
