1847 3313
403 305 497 369 316
575 302 628 348 P.
680 293 1057 346 VIRGILII
1124 290 1517 341 MARONIS

397 438 488 485 Sed
508 450 735 498 magnum
757 442 971 478 metuens
989 428 1031 476 se
1049 428 1152 491 post
1170 439 1347 474 cratera.
1364 426 1555 490 tegebat
1575 441 1585 471 ε
1610 420 1713 485 346

399 529 592 577 Pee‘tore
615 525 662 572 in
683 521 876 570 adverso
899 533 1055 569 totum
1078 519 1155 566 cui
1181 517 1448 565 comminus
1473 514 1629 562 ensem

399 616 631 666 Condidit
653 612 937 676 adsurgenti,
968 626 1014 658 ct
1036 610 1186 657 multa
1211 619 1366 655 morte
1389 605 1586 667 recepit.

400 707 694 770 Purpuream
718 703 870 751 vomit
892 703 974 749 ille
995 700 1202 748 animam
1220 722 1232 752 ς
1270 708 1317 744 et
1339 712 1452 744 cum
1485 692 1717 757 sanguine

593 794 746 842 mixta

401 885 525 933 Vina
539 884 677 933 refert
693 883 897 931 moriens
917 899 929 927 t
965 880 1065 927 Hic
1082 879 1207 927 furto
1225 877 1429 924 fervidus
1447 876 1600 923 instat.
1617 890 1643 936 3
1653 888 1721 936 50—

401 979 606 1043 Jamque
623 975 683 1023 ad
707 973 908 1036 Meffapi
933 972 1080 1019 socios
1105 970 1359 1023 tendebat;
1394 967 1478 1013 ubi
1503 967 1667 1030 ignem
1728 986 1731 991 v

402 1069 625 1117 Deficere
647 1075 931 1118 extremum,
954 1074 1000 1107 et
1024 1059 1245 1127 religatos
1268 1058 1356 1104 rite
1381 1056 1573 1103 videbat

405 1159 611 1221 Carpere
633 1168 829 1219 gramen
863 1166 1037 1214 equos:
1072 1149 1279 1196 breviter
1303 1163 1415 1195 cum
1437 1147 1550 1194 talia
1575 1145 1719 1195 Nisus

407 1299 469 1320 cum
484 1287 664 1331 vigilantem.
711 1284 856 1316 offendit
871 1294 998 1326 quoque
1014 1282 1054 1313 ad
1071 1281 1156 1313 idem
1176 1281 1236 1311 hoc
1261 1282 1313 1322 Jo.
1330 1280 1522 1312 Schrader-us
1537 1280 1569 1311 in
1585 1276 1723 1311 schedis.

407 1337 534 1383 igfhmnes
550 1348 577 1369 et
593 1341 693 1369 cunfia
707 1337 836 1368 videntes
860 1335 892 1366 in
919 1334 1013 1366 fimili
1029 1334 1100 1366 loco
1116 1336 1145 1364 V
1149 1333 1223 1364 aler.
1240 1333 1286 1365 Fl.
1307 1334 1344 1369 ΙΙ,
1371 1342 1433 1372 223
1452 1333 1530 1363 caedi
1544 1332 1630 1363 facit.

408 1388 486 1428 346.
511 1389 571 1420 Sed
585 1398 649 1419 non
664 1387 727 1419 fine
741 1386 862 1429 judicio
878 1385 1028 1429 positum,
1049 1395 1108 1427 pro
1123 1384 1248 1426 vulgari
1266 1387 1359 1422 Nam,
1374 1392 1427 1414 aut
1446 1382 1538 1414 simili
1553 1393 1563 1414 ι
1586 1389 1623 1414 ut
1637 1382 1738 1422 saepe,

407 1439 499 1472 solet.
588 1447 663 1478 347.
686 1446 771 1469 totum
797 1449 859 1469 cum
875 1436 926 1468 ed.
952 1446 1000 1479 pr.
1027 1434 1299 1474 Burm.-——348.
1327 1434 1471 1466 Primum
1497 1445 1550 1476 ap.
1575 1433 1723 1466 Servium

411 1489 508 1522 multi
531 1490 764 1521 distinxerunt:
788 1498 814 1520 et
830 1501 866 1519 m.
895 1500 933 1520 m.
957 1489 1060 1530 recepit
1086 1488 1287 1529 Purpuremn3
1311 1485 1419 1518 eduxit
1448 1485 1591 1527 gladium
1617 1483 1722 1515 multo

410 1551 523 1572 cruore
554 1548 774 1583 purpureum3
805 1539 902 1580 idque
927 1537 1098 1569 rotundius
1125 1537 1210 1568 exire
1234 1537 1375 1568 videtur.
1418 1538 1465 1568 Ut
1490 1547 1574 1568 nunc
1598 1535 1665 1568 est:
1697 1541 1728 1566 et

412 1593 502 1624 multa
530 1601 614 1624 morte
640 1594 753 1635 reecpit,
778 1591 863 1622 nude
890 1590 934 1622 est
960 1589 1098 1632 positum
1124 1589 1238 1620 eodem
1260 1589 1362 1620 sensu.
1409 1589 1498 1620 caedes
1525 1595 1561 1619 ut
1575 1588 1647 1628 φὸνσς
1664 1598 1724 1629 pro

410 1643 576 1686 sauguine.
623 1645 726 1686 recepit
741 1644 904 1685 (receptare
925 1641 984 1673 inf.
1004 1642 1048 1678 X,
1072 1640 1166 1682 383),
1187 1641 1210 1671 οἱ
1225 1641 1257 1671 ἐκ
1271 1641 1352 1684 χξοός
1368 1640 1459 1681 ἔγχος
1475 1640 1655 1671 ἀνω-πάσαιτο
1676 1639 1727 1682 (ut

413 1693 505 1726 Iliad.
525 1708 550 1732 ν,
570 1695 648 1736 574)
664 1694 711 1724 σὺν
726 1695 828 1733 πολλῷ
851 1692 930 1734 φόνῳ.
973 1692 1063 1723 multa
1091 1696 1167 1723 ηοὲῖε
1192 1691 1356 1723 Cornutus
1380 1691 1514 1733 legerat,
1535 1690 1645 1721 Servio
1668 1700 1727 1720 no-

411 1752 503 1778 tante
517 1757 526 1784 ;
548 1744 634 1776 haud
650 1743 745 1776 dubie
761 1743 889 1775 indod'te
903 1755 911 1774 z
936 1752 993 1773 nec
1009 1741 1166 1783 procedit,
1193 1749 1229 1773 ut
1245 1741 1306 1772 hoc
1330 1741 1433 1783 ipsum
1449 1751 1522 1771 cum
1539 1740 1671 1771 Heinfio
1688 1740 1727 1772 de

414 1803 522 1828 morte
538 1795 682 1838 accipias.
729 1795 818 1827 multa
835 1796 862 1826 in
888 1802 973 1825 morte
989 1792 1090 1825 Goth.
1117 1791 1178 1824 sec.
1208 1800 1238 1824 et
1255 1792 1402 1824 Parthas.
1427 1792 1573 1834 multaque
1588 1793 1615 1823 in
1630 1801 1728 1830 morte,

415 1855 449 1878 ct
462 1845 610 1878 Waddel.
627 1846 741 1877 Anim.
765 1845 848 1876 Crit.
866 1854 895 1887 p.
916 1852 958 1884 32
983 1853 1008 1874 et
1020 1844 1110 1874 inulta
1126 1853 1220 1875 morte.
1269 1843 1413 1874 Haberet
1429 1842 1539 1873 saltem
1555 1843 1729 1880 rationem,

416 1896 441 1928 st
458 1898 601 1928 diceres:
625 1897 715 1927 multa
741 1904 825 1927 morte
850 1894 910 1926 effe
925 1894 1048 1926 dietum
1065 1895 1103 1924 de
1131 1893 1196 1925 alto
1222 1893 1354 1925 vulnere
1381 1892 1472 1924 illato
1499 1892 1730 1935 certiffimaque

418 1948 500 1980 adeo
516 1954 630 1978 morte.
722 1955 794 1987 249.
818 1949 907 1978 vomit
921 1946 967 1976 ille
982 1947 1103 1976 animam
1129 1957 1189 1976 cum
1203 1944 1231 1988 s
1253 1947 1369 1976 mixtam
1383 1946 1466 1975 Ven.
1511 1952 1537 1975 et
1551 1943 1635 1976 abest
1652 1956 1732 1987 quo-

418 2009 483 2042 que
505 1998 640 2029 Oudart.
662 2004 695 2028 et
723 1996 853 2029 Zulich.
899 1998 1017 2028 mixtam
1044 1995 1141 2026 etiam
1166 1995 1311 2026 Parthas.
1340 2005 1414 2026 cum
1438 1994 1538 2026 Goth.
1563 2002 1638 2027 tert.

419 2059 496 2090 350.
528 2051 606 2081 Hinc
635 2047 801 2080 Montalb.
843 2048 926 2081 ‘Tunc
955 2050 1035 2078 Ven.
1082 2048 1162 2078 Huic
1187 2045 1251 2077 obl.
1276 2046 1382 2078 Pierii.

420 2104 522 2134 Rom.
541 2109 574 2132 et
589 2100 712 2142 aliquot
728 2101 814 2132 Pier.
840 2106 873 2130 et
888 2098 1031 2140 plerique
1048 2097 1157 2128 Heins.
1172 2107 1246 2128 cum
1262 2098 1329 2139 ipso
1345 2097 1466 2128 Medic.
1556 2106 1630 2137 352.
1649 2099 1734 2141 fone

421 2165 482 2197 pro
497 2155 550 2184 rite
566 2152 668 2184 Goth.
686 2158 760 2181 tert.
806 2151 944 2182 videbant
956 2160 1004 2191 pr.
1031 2157 1064 2180 et
1080 2157 1154 2181 tert.
1180 2150 1502 2189 Rottend.——-353.
1528 2150 1572 2182 br.
1601 2153 1646 2183 cui
1669 2151 1736 2182 duo

422 2204 534 2238 Heins-
552 2211 584 2235 et
605 2202 669 2234 duo
687 2202 795 2233 Burm.
841 2210 900 2233 tum
913 2201 996 2233 Ven.
1014 2209 1046 2233 et
1064 2200 1166 2233 Goth.
1185 2208 1261 2231 tert.

1474 2056 1546 2086 351.
1579 2047 1618 2078 ibi
1642 2049 1732 2090 ignem

422 2294 460 2323 et
475 2296 541 2335 pro
567 2281 760 2320 nobilitate
786 2294 827 2318 ac
852 2280 1045 2331 dignitate.
1111 2285 1222 2332 poeta
1242 2279 1368 2317 habuit
1396 2279 1552 2324 nullum,
1579 2280 1643 2330 qui
1670 2279 1736 2318 ista

425 2336 475 2374 cf.
493 2336 594 2372 Serv.
646 2337 682 2371 in
709 2335 808 2370 medio
825 2333 883 2370 vel
902 2334 947 2369 de
965 2333 1047 2371 loco
1111 2344 1310 2371 memorare
1323 2345 1395 2368 non
1413 2331 1608 2370 dubitavit.
1661 2331 1734 2369 Sed

425 2388 484 2425 vel
497 2387 542 2424 de
557 2396 731 2436 tempore,
750 2394 789 2421 ut
805 2385 927 2422 Burm.
959 2388 1046 2433 348.
1109 2396 1175 2421 nec
1194 2383 1275 2428 alii,
1293 2382 1425 2419 Ovidii
1442 2394 1478 2419 et
1493 2382 1600 2419 Statii
1615 2396 1734 2420 exem-

426 2438 535 2478 multa
577 2437 677 2474 multe
723 2442 853 2485 recepit,
899 2435 1049 2473 retraxit
1109 2436 1168 2486 pla
1179 2435 1444 2478 Cerdalaudat‚
1458 2432 1735 2484 descriptionem

426 2489 547 2530 ensem
582 2488 697 2525 multo
732 2500 815 2524 cum
849 2486 1047 2537 sanguine;
1113 2496 1185 2524 tarn
1221 2486 1401 2523 molestam
1417 2496 1454 2522 et
1471 2484 1634 2522 nauseam
1654 2499 1736 2523 mo-

429 2553 469 2580 ut
487 2544 588 2591 φόνος.
641 2539 740 2576 Tum
752 2548 955 2588 purpuream
973 2545 1050 2575 cmi-
1114 2547 1254 2576 ventem
1273 2536 1496 2587 refugerunt.
1548 2536 1638 2574 Non
1651 2538 1737 2587 jun-

427 2611 518 2632 mam
535 2591 631 2630 dixit
656 2589 862 2640 sanguinem
890 2590 1052 2634 vitalem,
1113 2602 1198 2640 gam
1213 2593 1316 2640 fimo
1328 2589 1508 2639 fervidus,
1524 2587 1585 2625 sed
1597 2588 1738 2626 fervide

428 2658 515 2683 cum
545 2657 619 2694 quo
649 2643 723 2679 vita
756 2641 908 2678 efflatur.
948 2641 1051 2679 conf.
1116 2641 1221 2677 instat
1234 2645 1352 2692 furto,
1377 2639 1512 2677 furtiva
1529 2648 1566 2678 et
1592 2640 1740 2678 occulta

415 2696 520 2734 var.
548 2696 648 2732 Led.
705 2705 791 2743 349.
822 2705 908 2743 350.
935 2702 1052 2730 etcum
1116 2692 1227 2730 caede.
1421 2724 1425 2725 ⁷

418 2752 590 2800 sanguine
607 2752 714 2783 mixta
729 2750 816 2781 vina
832 2748 948 2795 rqftrt,
971 2746 1050 2782 ἀνοι-
1116 2779 1120 2782 ,
1170 2756 1189 2792 3
1200 2741 1388 2795 50-356,
1432 2741 1629 2782 Manifesta
1657 2743 1742 2781 Ho-

433 2803 534 2849 φέςει,
564 2797 698 2848 rejicit,
735 2804 775 2832 ut
809 2796 908 2834 Serv.
965 2796 1052 2834 Sen-
1116 2795 1206 2832 meri
1248 2794 1395 2845 vestigia
1433 2794 1540 2833 Iliad.
1585 2813 1624 2838 κ,
1661 2807 1744 2846 494.

431 2851 510 2892 sum
527 2850 642 2906 igitur
658 2847 764 2888 foedae
780 2856 815 2886 et
832 2846 982 2901 ingratae
999 2846 1051 2887 rei
1117 2847 1194 2899 sqq.
1221 2845 1260 2886 in
1281 2845 1417 2893 Rheso,
1445 2845 1552 2899 usque
1570 2846 1617 2886 ad
1649 2859 1742 2897 514·

1611 2897 1747 2942 Mefla-
