1847 3313
373 255 787 312 AENEIDOS‚
835 253 984 301 LIB.
1037 254 1104 302 X.
1300 271 1394 321 443

95 387 321 445 ArcadeS‚
355 388 476 444 haec,
511 386 681 449 inquit,
715 401 949 433 memores
975 401 1080 432 mea
1098 384 1224 432 dieta
1240 385 1408 434 referte

95 476 348 533 Evandro:
384 475 592 539 Qalem
613 473 801 529 meruit,
836 471 1049 519 Pallanta
1083 473 1290 519 remitto.

97 565 323 631 Qisquis
367 566 516 610 honos
561 563 748 620 tumuli,
793 562 1028 626 quidquid
1069 562 1275 611 solamen
1320 564 1411 612 hu-

294 653 458 699 mandi
483 652 563 708 est,

97 742 318 806 Largior.
390 739 537 787 Haud
566 738 637 784 illi
662 739 845 786 stabunt
869 739 1036 787 AEne‘ia
1060 759 1207 804 parvo

98 834 341 897 Hospitia.
410 833 474 878 Et
497 831 618 878 laevo
640 829 797 892 pressit
819 831 956 893 pede,
990 833 1100 878 talia
1123 833 1261 890 fatu&
1314 847 1405 896 495

98 924 400 982 Exanimem,
424 921 608 983 rapiens
628 920 837 966 inmania
855 922 1061 982 pondera
1086 919 1243 977 baltei,

99 1014 459 1079 Inpreffumque
476 1010 632 1057 nefas:
668 1026 760 1057 una
781 1009 864 1056 sub
888 1007 1194 1071 noeiejugali

102 1106 232 1155 Caesa
253 1119 418 1160 manus
445 1100 677 1166 juvenum
704 1099 848 1155 foede,
882 1098 1170 1160 thalamique
1194 1101 1407 1148 cruenti:

143 1264 219 1298 491.
240 1266 365 1286 memores
396 1253 488 1296 inquit
514 1261 563 1293 pr.
588 1248 711 1282 Hamb.
802 1257 875 1289 492.
912 1247 980 1278 Aut
1006 1246 1045 1277 [ic
1073 1254 1109 1278 ut
1139 1258 1224 1278 nunc
1255 1248 1306 1285 fir,
1331 1255 1404 1279 aut:

101 1308 245 1341 Evandro
261 1306 370 1349 qualem
384 1316 421 1336 m.
445 1301 596 1344 distingui
620 1300 720 1343 posse,
736 1300 863 1330 Servius
881 1298 1024 1343 putabat.
1114 1309 1188 1340 493.
1214 1300 1248 1330 Si
1262 1301 1334 1342 quid
1358 1299 1409 1331 vel

101 1361 137 1392 Si
151 1361 213 1402 quis
229 1359 261 1388 in
280 1356 365 1387 Gud.
383 1366 400 1385 a
416 1365 463 1385 m.
480 1364 529 1396 pr.
572 1355 655 1384 honor
677 1352 741 1383 duo
760 1354 868 1382 Burm.
914 1352 994 1381 honos
1012 1350 1102 1381 rutuli
1127 1351 1229 1382 Goth.
1259 1362 1321 1392 pr.,
1349 1362 1408 1383 nec

103 1411 185 1442 tanti
202 1409 257 1446 est,
286 1414 322 1438 ut
345 1405 493 1447 conjicias
518 1406 610 1441 honos,
639 1403 758 1434 Rutuli.
805 1403 840 1444 est
862 1401 975 1431 itidem
990 1401 1053 1431 duo
1076 1401 1238 1432 omittunt.
1330 1412 1407 1443 494,

101 1463 221 1505 constant
238 1463 296 1493 AE.
324 1460 428 1499 Sprot.
519 1455 594 1496 496.
618 1456 798 1492 Exanimem,
812 1460 926 1495 praeter
942 1463 1042 1483 unum
1055 1453 1156 1490 Gud.‚
1171 1463 1280 1483 omnes
1297 1454 1410 1485 Heins.

102 1522 135 1546 et
152 1514 252 1549 Pier.,
274 1518 306 1541 at
322 1511 494 1541 Exanimum
512 1506 590 1537 olim
607 1505 741 1537 editum.
789 1504 997 1536 Contrarium
1013 1503 1078 1545 sup.
1098 1505 1156 1541 IX,
1180 1513 1241 1542 451
1259 1504 1410 1536 vidimus.

103 1566 275 1599 Exanimum
292 1568 399 1592 tamen
415 1558 587 1602 praeferam
604 1558 638 1589 in
659 1561 772 1603 poeta,
804 1566 836 1588 et
856 1556 993 1587 retraxit
1008 1555 1088 1586 illud
1105 1555 1320 1598 Cuningham.

100 1688 220 1732 brata,
238 1697 279 1725 ut
297 1686 445 1724 insultet
461 1684 552 1723 caeso
571 1684 691 1722 vietor
712 1698 720 1721 :

102 1741 174 1778 hoc
189 1740 272 1776 loco
282 1749 401 1775 tamen
412 1737 578 1774 haetenus
591 1745 723 1786 tempe-

103 1801 180 1828 rata
197 1801 234 1829 et
252 1791 435 1840 mitigata,
464 1787 563 1838 quod
579 1788 725 1824 Turnus

105 1856 234 1893 corpus
280 1841 503 1878 humandum
556 1838 725 1876 concedit

106 1893 336 1937 Arcadibus;
382 1901 418 1929 at
448 1895 556 1941 super
573 1892 726 1940 adsistens·

106 1947 154 1983 est
170 1945 285 1995 simpl.
303 1944 454 1987 adstans,
472 1942 546 1991 ipse
559 1942 662 1983 stans,
677 1942 727 1978 al-

107 1997 176 2034 teri
187 1995 325 2047 jacenti
340 2010 352 2041 3
380 2007 445 2031 nec
463 1993 529 2030 nifi
548 1992 641 2029 infra
672 1992 725 2029 vs.

106 2062 180 2100 495
201 2049 292 2086 laevo
300 2046 412 2096 prfft
423 2046 517 2095 pede,
537 2046 606 2090 λσὲξ
622 2061 725 2095 vrgo&-

106 2102 189 2144 βάς,
216 2099 285 2144 λὰξ
306 2102 334 2135 ἒν
355 2097 470 2140 ςῆῧεσι
499 2099 632 2139 βαίνων,
662 2094 724 2145 qui

107 2153 155 2191 est
172 2149 404 2201 spoliantium
422 2162 552 2198 corpus
568 2161 660 2192 mos«,
687 2156 727 2184 u'r,

108 2216 210 2241 arma
226 2210 386 2245 exuant;
413 2200 475 2237 etfi
493 2201 529 2236 h.
551 2200 578 2236 l.
614 2212 725 2238 unum

111 2264 251 2293 tantum
267 2260 483 2289 memoratur
499 2251 586 2295 hoc,
603 2259 641 2286 ut
652 2250 727 2286 bal-

109 2317 206 2343 teum
237 2314 395 2342 exueret.
461 2315 550 2351 492.
582 2301 726 2351 Qcalem

108 2363 242 2400 meruit,
261 2355 287 2392 s.
308 2355 450 2405 qualem
473 2354 635 2390 Evander
654 2365 726 2388 me-

110 2409 186 2448 ruit
203 2417 244 2444 ut
260 2406 325 2443 fibi
344 2405 562 2443 remitterem
594 2403 726 2447 filium,

108 2462 136 2498 s.
169 2459 310 2510 qualem
332 2457 443 2495 Pallas
470 2456 600 2493 meruit
629 2464 666 2491 ut
694 2454 729 2491 se

111 2512 331 2551 remitterem
358 2509 394 2545 h.
429 2517 469 2545 ut
497 2507 631 2556 dignus
654 2515 729 2542 erat

112 2563 230 2600 audax
247 2560 450 2597 adolescens
469 2573 478 2602 3
507 2572 573 2608 pro
592 2557 730 2607 vulgari

111 2615 248 2652 distum
261 2612 331 2649 est:
354 2610 500 2648 remitto
517 2609 725 2651 Pallantem,

110 2665 242 2716 qualis,
277 2661 476 2712 quomodo,
513 2661 642 2698 meruit
672 2673 725 2697 re-

111 2715 230 2754 mitti:
251 2713 311 2751 οἷος
328 2726 394 2765 pro
413 2714 470 2750 ὡςε
498 2712 650 2754 scilicet,
664 2711 725 2754 fic,

112 2777 151 2807 ut
181 2779 310 2816 corpus
345 2765 447 2802 humi
483 2764 727 2800 mandandum

110 2819 342 2860 concedatur.
407 2814 508 2863 Prius
533 2815 728 2866 sequuntur

790 1683 865 1720 fere
880 1682 1019 1734 Intpp„
1052 1681 1160 1731 idque
1177 1695 1220 1718 ex
1236 1681 1312 1732 sqq.
1346 1681 1410 1718 ad-

789 1736 939 1772 struunt.
984 1734 1080 1771 Cum
1095 1733 1254 1770 irrisione
1268 1734 1407 1770 dit‘ium

788 1796 946 1837 putant:
995 1785 1055 1822 Sic
1087 1797 1150 1834 par
1184 1795 1259 1821 erat
1290 1794 1327 1821 te
1363 1798 1409 1825 ex

790 1850 909 1888 pugna
944 1836 1097 1874 dimitti.
1168 1835 1279 1886 Qod
1317 1835 1410 1875 mihi

790 1889 937 1938 quidem
956 1888 1072 1924 minus
1099 1887 1326 1937 probandum
1354 1888 1409 1924 vi-

791 1941 906 1977 detur.

842 2004 931 2041 497.
948 1994 1037 2040 498.
1067 1990 1255 2028 Brevitatis
1266 2001 1301 2027 et
1312 1990 1407 2027 vari-

791 2044 908 2086 etatis,
953 2044 1113 2092 adeoque
1143 2051 1179 2079 et
1209 2042 1409 2086 suavitatis,

791 2095 924 2137 studio,
967 2095 1174 2130 strueturam
1219 2093 1407 2138 orationis,

792 2159 898 2195 quam
917 2145 1013 2183 orsus
1026 2156 1115 2188 erat,
1134 2150 1243 2195 po'e'ta
1258 2145 1405 2189 deserit,

791 2208 827 2233 et
846 2211 865 2234 a
882 2207 1008 2246 quarto
1034 2198 1078 2232 ad
1098 2197 1255 2247 primum
1288 2197 1406 2233 casum

793 2248 926 2285 transit.
1000 2247 1085 2283 Erat
1121 2248 1215 2285 enim
1260 2251 1409 2298 z'mprgffiz

792 2315 909 2336 manus
948 2302 1137 2351 juvenum,
1182 2300 1407 2349 exsculptum

793 2350 913 2386 balteo
947 2355 1043 2401 mjfas
1061 2352 1275 2394 Dmmidrmz,
1305 2352 1408 2387 noffile

794 2402 947 2451 'nuptiali
982 2402 1060 2439 suos
1096 2401 1237 2452 sponsos
1279 2401 1407 2437 interi—

793 2453 981 2490 mentium.
1026 2454 1106 2490 Nec
1120 2453 1190 2490 alio
1205 2453 1314 2490 modo
1330 2452 1407 2502 sup.

794 2504 846 2548 V,
874 2506 945 2556 536
976 2506 1124 2542 Cratera
1143 2507 1320 2554 imprc-ffl'tm
1329 2505 1407 2555 sig-

793 2562 857 2598 nis,
884 2556 944 2593 eui
975 2557 1072 2606 figna
1102 2556 1263 2604 impresla
1289 2565 1407 2599 erant,

793 2607 855 2644 etsi
898 2607 1094 2658 exsculpta,
1138 2606 1249 2642 dixit.
1286 2605 1406 2642 ‘Bur-

793 2672 940 2694 mannus
956 2668 1142 2709 comparat
1175 2658 1292 2694 versus
1309 2668 1403 2695 extr,

791 2709 855 2746 lib.
889 2710 998 2746 VIM.
1064 2710 1163 2745 Idem
1199 2708 1406 2746 Danaidum

792 2770 1043 2810 argumentum
1074 2761 1111 2796 in
1131 2759 1248 2810 clipeo
1280 2759 1407 2809 copio-

793 2813 860 2851 sius
895 2811 1081 2863 exsculpsit
1117 2812 1250 2849 Statius
1285 2811 1406 2848 Theb.

1335 2862 1408 2905 IV,
