1847 3313
391 319 479 366 170
700 298 1209 350 EXCURSUS
1266 299 1387 347 VIII

383 445 482 473 vetus
499 434 543 472 dc
561 432 768 471 Marsorum
797 431 990 474 veneficiis,
1019 431 1152 482 partim
1179 430 1469 482 promontorium
1493 430 1695 477 Circaeum,

381 495 481 544 quod
509 493 619 530 Circe
646 492 814 530 incediffe
843 502 984 528 narrata
1013 491 1099 530 fuit.
1153 491 1240 541 Ejus
1258 490 1356 528 soror
1383 492 1564 541 Anguitia,
1591 492 1694 541 cujus

383 567 505 591 nemus
524 553 645 603 paullo
672 551 745 602 post
763 565 799 589 v.
820 564 893 602 759
911 551 1084 588 occurrit.
1138 549 1208 586 Uti
1232 558 1350 587 autem
1379 549 1490 587 Circe
1514 549 1694 587 veneficiis

381 614 559 651 celebrata
589 612 674 656 fuit,
702 611 752 648 ita
781 611 892 649 Marsi
922 610 1062 648 nobiles
1087 609 1288 661 serpentum
1306 609 1626 648 incantationibus.
1654 623 1693 647 v.

385 673 484 714 Plin.
506 671 597 715 VII,
626 684 660 711 2.
688 671 826 715 XXV,
859 684 871 708 1
895 670 923 711 s.
947 684 981 722 ς.
1034 670 1144 708 Silius
1162 669 1274 713 VIII,
1293 682 1366 721 497
1386 669 1464 719 sqq.
1483 668 1581 706 conf.
1599 668 1693 705 Clu-

381 745 475 776 ver.,
509 730 572 767 ubi
600 730 647 768 de
679 730 808 768 Marsis
840 743 922 781 pag.
958 742 1046 782 759.
1100 728 1332 768 Incredibilis
1365 728 1412 765 est
1446 725 1694 777 superstitiosae

382 789 604 828 credulitatis
623 800 782 827 veterum
794 789 891 826 circa
907 802 1041 826 venena
1056 800 1255 838 eorumque
1271 786 1513 825 medicamina
1527 787 1694 825 varietas.

383 851 520 888 Videat
545 850 676 900 aliquis
702 850 758 886 vel
783 849 948 887 Indicum
979 849 1089 886 Plinii
1118 848 1157 885 in
1190 849 1389 885 Venenorum
1414 847 1569 884 Medelis.
1625 846 1695 885 Ars

383 910 495 960 chfflpi
528 909 620 960 regis
654 922 784 947 nomen
819 913 928 959 poeta
962 921 1006 946 ex
1038 907 1196 945 historiis
1223 906 1378 957 accepit.
1433 906 1532 944 Plin.
1551 905 1625 949 III,
1648 918 1694 945 12

385 971 559 1008 Gellianus
578 975 694 1007 aur-'lor
722 972 778 1020 est,
808 969 885 1006 lacu
914 968 1035 1006 Fucino
1063 967 1213 1017 haustum
1231 966 1423 1017 Maty'orum
1450 966 1598 1015 oppidum
1622 965 1697 1003 Ar-

382 1030 511 1081 duppe,
544 1030 703 1067 conditum
737 1046 760 1067 a
793 1029 952 1079 Mmsya,
987 1028 1063 1066 duce
1099 1027 1278 1078 Lydorum.
1333 1024 1477 1063 SImilia
1510 1024 1626 1063 Solin.
1659 1037 1696 1067 c0,

383 1102 406 1127 2
452 1103 481 1126 r.

425 1103 524 1200 iis-61.
553 1147 651 1184 Inter
686 1145 792 1183 urbes
826 1143 954 1188 Italiae,
982 1142 1113 1193 quibus
1142 1133 1274 1178 Graeca
1302 1141 1409 1191 origo
1435 1139 1573 1178 tributa
1608 1139 1698 1189 fuit,¹

384 1210 503 1248 Aricia
527 1219 669 1258 quoque
697 1205 759 1249 est,
789 1203 889 1241 Latii
915 1203 1013 1241 haud
1031 1201 1194 1252 ignobile
1218 1200 1408 1250 oppidum.
1462 1199 1505 1236 In
1525 1199 1696 1250 proximo

385 1280 530 1305 nemore
558 1267 679 1306 Diana
709 1263 898 1315 peregrino
930 1275 1028 1299 more
1057 1261 1129 1298 fuit
1159 1261 1280 1297 culta:
1316 1273 1398 1297 cum
1417 1259 1524 1297 sacris
1543 1260 1697 1309 praeeffet

383 1328 561 1380 fugitivus
580 1328 707 1368 servuS,
740 1325 800 1362 cui
817 1322 941 1374 gladio
960 1321 1241 1373 depugnandum
1273 1330 1348 1358 erat
1377 1320 1542 1357 adversus
1569 1332 1697 1370 quern·

384 1402 540 1438 cumque
570 1387 680 1424 alium
699 1385 853 1426 servum,
884 1382 948 1433 qui
976 1382 1010 1419 ei
1038 1382 1133 1418 vieto
1165 1380 1202 1417 in
1232 1380 1471 1418 sacerdotium
1504 1380 1699 1417 succedere
1724 1426 1729 1429 Ι

385 1458 524 1498 poterat
536 1464 545 1493 ;
574 1450 687 1494 ἀγῶνα
704 1444 917 1492 μονομαχίας
934 1441 1087 1492 appellat
1104 1440 1203 1477 Paus.
1225 1439 1279 1484 ΙΙ,
1299 1453 1362 1490 27,
1381 1453 1416 1489 p.
1438 1452 1522 1490 173.
1574 1439 1692 1475 Vide-

385 1518 446 1545 tur
464 1507 595 1558 religio
630 1505 733 1543 ludos
762 1500 998 1555 gladiatorios
1028 1499 1258 1544 constituisse,
1291 1500 1350 1538 sed
1378 1500 1470 1536 inter
1497 1499 1692 1550 fugitivos,

384 1576 426 1603 ut
443 1566 558 1602 vieior
576 1578 640 1615 pro
659 1576 741 1614 rege
759 1559 949 1599 Nemorali
967 1558 1061 1597 esset.
1115 1558 1211 1610 Qae
1228 1558 1357 1610 religio
1376 1571 1458 1596 cum
1479 1558 1695 1607 Scythicum

386 1627 498 1664 ritum
518 1626 649 1663 referre
668 1623 863 1663 videretur,
890 1619 1026 1657 narrari
1042 1619 1152 1669 vulgo
1169 1629 1345 1669 coeptum‚
1365 1618 1547 1668 Scythicae
1565 1618 1695 1657 Dianae

384 1686 610 1723 fimulacrum
642 1683 687 1720 ab
718 1681 842 1718 Oreste
869 1680 915 1717 de
947 1677 1108 1715 Taurica
1139 1678 1368 1728 deportatum
1397 1677 1434 1714 in
1465 1691 1510 1714 eo
1530 1678 1612 1715 loco
1629 1680 1697 1717 esse

385 1743 644 1782 consecratum.
678 1754 715 1778 v.
747 1738 865 1776 Solin.
898 1753 919 1777 2
953 1751 990 1788 p.
1026 1750 1067 1785 13
1101 1736 1153 1778 C,
1181 1745 1217 1772 et
1247 1736 1339 1773 alios
1364 1736 1460 1786 apud
1488 1735 1638 1775 Cluver.
1657 1751 1695 1787 p.

386 1815 456 1853 921
491 1801 568 1852 sqq.
598 1799 697 1837 conf.
730 1798 807 1849 sup.
826 1796 905 1834 To.
935 1796 953 1832 I
972 1795 1053 1833 Vit.
1075 1794 1215 1844 Virgil.
1235 1794 1253 1843 ᾧ
1276 1796 1338 1846 85.
1391 1793 1481 1844 Egit
1499 1794 1545 1831 de
1563 1794 1696 1832 Aricia

385 1861 582 1912 diligenter
599 1859 673 1911 post
691 1856 904 1894 Cluverium
923 1853 1080 1905 Vulpius
1096 1853 1183 1891 Ver.
1213 1854 1313 1890 Latii
1338 1853 1404 1891 lib.
1436 1853 1550 1897 XIII,
1581 1855 1696 1893 Tom.

385 1920 479 1963 VII,
517 1934 553 1970 p.
594 1933 663 1971 179
694 1918 772 1968 sqq.
826 1916 870 1952 In
899 1915 1027 1952 eodem
1056 1913 1185 1950 Dianae
1216 1915 1350 1965 templo
1384 1914 1488 1951 heros
1520 1915 1697 1966 indigena

383 1979 537 2017 Virbius
562 1982 600 2029 (a
617 1991 688 2028 quo
706 1987 742 2014 et
758 1975 864 2013 collis
881 1973 1036 2011 Virbius
1052 1985 1183 2013 nomen
1202 1972 1325 2018 duxit,
1357 1973 1402 2010 de
1429 1986 1502 2023 quo
1529 1988 1567 2011 v.
1599 1976 1697 2025 Cap-

383 2045 510 2077 martin
532 2040 571 2075 de
597 2037 739 2089 Chaupy
756 2036 890 2086 Magson
907 2036 945 2072 de
963 2034 1160 2084 Campagne
1176 2035 1358 2078 d'Hvrace,
1384 2033 1498 2070 Tom.
1526 2033 1580 2078 Il,
1606 2047 1693 2085 pag.

389 2111 458 2150 117
490 2098 585 2148 sqq.)
617 2095 812 2134 domestica
843 2093 1020 2144 religione
1048 2093 1165 2130 cultus
1194 2093 1296 2130 fuiffe
1322 2093 1482 2136 videtur,
1514 2107 1622 2144 quem
1649 2108 1696 2132 ex

384 2159 506 2209 aliqua
525 2158 582 2194 seu
602 2157 728 2194 formae
745 2164 779 2192 et
799 2154 1055 2191 attributorum
1085 2153 1143 2190 seu
1171 2152 1266 2190 forte
1293 2152 1496 2190 fabularum
1524 2153 1697 2191 fimilitu..

383 2217 471 2255 dine
490 2217 737 2268 Hippolytum
753 2214 901 2252 seriores
929 2211 1152 2264 interpretati
1169 2212 1249 2250 sunt
1264 2225 1274 2249 ε
1301 2212 1365 2250 nifi
1383 2212 1429 2249 ad
1447 2222 1696 2252 commentum

383 2276 477 2314 illud
508 2289 640 2314 nornen
667 2274 809 2320 virbii,
842 2274 891 2311 bis
917 2280 1004 2319 viri,
1034 2274 1223 2319 παλιμβιέ,
1256 2272 1414 2322 ritusque
1431 2272 1620 2323 religiosus
1638 2287 1697 2310 ar-

385 2338 493 2376 cendi
509 2351 618 2388 equos
637 2350 657 2374 a
675 2337 758 2375 luco
778 2338 828 2384 (v.
848 2335 916 2372 inf.
942 2337 1031 2387 778)
1053 2333 1182 2372 duxit:
1212 2342 1252 2371 ut
1269 2332 1398 2371 veteris
1417 2333 1530 2371 cladis
1554 2346 1694 2371 memo-

384 2398 477 2435 riam
493 2395 656 2434 renovari
673 2395 774 2433 heroi
794 2395 944 2432 nollent.
998 2392 1139 2430 Addita
1171 2392 1256 2430 hinc
1288 2391 1448 2429 narratio
1475 2392 1522 2429 de
1548 2392 1697 2443 Hippo-

385 2456 466 2506 lyto
484 2469 504 2493 e
523 2454 672 2493 mortuis
690 2454 837 2492 reduCio
854 2463 889 2489 et
907 2453 945 2490 in
965 2465 1089 2491 nemus
1109 2451 1302 2489 Aricinum
1328 2464 1348 2488 a
1376 2450 1496 2488 Diana
1524 2451 1696 2489 abdufio.

385 2529 423 2552 v.
453 2515 568 2553 ovid.
602 2513 698 2551 Met.
729 2512 824 2555 XV,
859 2524 930 2564 532
949 2511 1024 2562 sqq.
1072 2510 1162 2548 Eam
1194 2510 1352 2548 fabulam
1374 2509 1608 2547 Aricinorum
1627 2510 1696 2547 do-

386 2573 566 2612 mesticam
595 2573 712 2617 fuiffe,
742 2584 787 2609 ex
818 2570 990 2608 Pausania
1010 2570 1225 2621 intelligitur
1244 2569 1310 2607 lib.
1330 2568 1383 2613 II,
1411 2582 1443 2608 e.
1467 2584 1528 2621 ²7·
1581 2569 1694 2606 Nunc

385 2638 495 2686 poeta
522 2631 688 2670 Ariciam
716 2632 912 2682 nympham
948 2630 1036 2667 facit
1072 2630 1183 2680 (quod
1210 2628 1326 2680 magis
1353 2629 1486 2679 placet,
1511 2642 1626 2680 ‘quam
1654 2638 1695 2666 ut

385 2693 516 2731 Aricia
534 2691 616 2729 urbs
633 2691 690 2735 fit,
720 2690 781 2727 etfi
800 2689 846 2727 fic
872 2690 939 2726 lib.
973 2688 1028 2732 X,
1059 2701 1127 2740 ¹72
1157 2688 1338 2738 Populonia
1365 2692 1512 2736 mater),
1543 2701 1622 2739 quae
1646 2700 1694 2724 ex

388 2751 596 2802 Hippolyto
616 2749 752 2800 peperit
773 2748 957 2786 virbium.
1010 2747 1143 2784 Multis
1175 2746 1293 2783 modis
1318 2747 1467 2783 traftata
1495 2748 1543 2785 est
1571 2747 1697 2786 fabula

387 2811 432 2850 ab
450 2810 552 2848 aliis:
583 2808 676 2847 unde
696 2807 844 2848 diversae
862 2807 932 2846 illae
953 2806 1288 2846 Grammaticorum
1307 2805 1476 2847 rationes.

1617 2867 1695 2918 783.
