1847 3313
313 238 405 302 698
476 235 530 283 P.
597 231 984 281 VIRG1L11
1054 232 1462 282 MARONIS

318 369 424 417 Nec
448 384 563 432 gens
586 366 681 413 ulla
705 377 812 412 tuos
836 381 972 428 aeque
996 365 1257 413 celebrabit
1275 365 1492 414 honores.
1552 370 1650 429 84q

318 458 508 506 Adnuit
532 455 602 502 his
629 454 772 516 Juno,
807 467 854 501 et
877 467 1089 502 mentem
1113 456 1270 502 laetata
1293 456 1498 506 retorsit.

318 552 506 599 Interea
530 545 717 594 excedit
742 544 886 601 coelo,
910 545 1187 607 nubemque
1205 544 1416 610 reliquit.

385 641 480 687 His
505 638 635 694 actis,
670 635 800 683 aliud
827 634 1030 682 Genitor
1053 635 1213 682 secum
1238 634 1338 699 ipse
1360 636 1580 686 volutat:

319 735 668 798 Juturnamque
690 739 824 792 parat
853 726 1009 774 fratris
1034 701 1280 781 dimittere
1303 727 1362 773 ab
1387 728 1551 778 armis,

321 823 562 873 Dicuntur
583 818 794 884 geminae
817 816 967 880 pestes
983 815 1271 878 cognomine
1286 815 1435 873 Dirae,
1554 821 1645 883 845

366 949 443 987 842.
469 951 604 994 relinquis
627 947 746 980 Medic.
767 956 840 977 cum
854 944 1002 988 plurimis
1017 944 1098 976 aliis.
1145 943 1292 975 Sollenne
1309 950 1419 975 tamen
1439 933 1648 986 pceraegmoq

323 1009 406 1042 tuni,
424 1002 571 1045 inprimis
587 999 843 1036 concitatiorem,
864 997 1029 1040 praeterito
1046 1003 1191 1037 tempore
1209 994 1380 1032 declarare.
1395 995 1457 1026 Sed
1473 1006 1546 1027 meo
1561 994 1648 1037 judi,-

326 1055 378 1085 tio
394 1062 480 1086 totus
496 1055 547 1085 hic
563 1054 671 1084 versus
686 1051 801 1082 melius
811 1049 927 1081 abesset
943 1060 951 1080 ι
972 1047 1027 1079 nisi
1044 1048 1097 1078 ille
1114 1047 1207 1078 aliter
1218 1046 1296 1077 olim
1314 1046 1417 1078 lenitus
1431 1046 1503 1078 fuit.
1527 1047 1650 1084 Saltem

328 1106 398 1151 post
415 1108 520 1149 rctczfit
544 1105 629 1146 sequi
647 1101 785 1134 debuisse
800 1102 944 1133 videtur:
968 1101 1086 1137 lumina,
1112 1108 1137 1130 et
1154 1111 1176 1129 ε.
1225 1099 1271 1128 Ut
1287 1098 1387 1129 solent
1407 1097 1451 1130 dii
1467 1098 1499 1129 in
1516 1099 1648 1131 suorum

326 1165 444 1189 morte.
492 1159 536 1188 Vt
547 1156 615 1198 sup.
637 1155 684 1192 X,
700 1162 762 1192 473
782 1153 936 1183 Hercules
950 1163 958 1183 :
984 1152 1068 1183 oculos
1087 1150 1259 1181 Rutulorum
1275 1147 1366 1189 rejicit
1381 1151 1477 1180 arvis.
1525 1151 1566 1180 Et
1582 1135 1652 1191 ipsa.

325 1211 413 1252 Juno
429 1208 497 1249 sup.
519 1216 578 1247 151
604 1209 673 1239 ‚Non
696 1214 825 1247 pugnam
851 1203 991 1247 adspicere
1018 1203 1092 1233 hanc
1108 1202 1204 1238 oculis,
1231 1213 1280 1232 non
1298 1200 1419 1242 federa
1431 1201 1548 1243 pqffiam.
1594 1201 1648 1242 Jo.

327 1260 540 1292 Schraderum
551 1257 708 1300 conjicere
726 1255 841 1286 video:
867 1265 894 1286 et
909 1255 1024 1287 vultum
1040 1254 1060 1284 l.
1079 1253 1193 1294 retotfit.

969 1304 1041 1344 844.
1057 1305 1159 1348 fratri
1175 1303 1309 1345 Hugen.
1352 1303 1495 1334 demittere
1511 1309 1650 1344 quatuo:

325 1320 400 1345 tert.
437 1311 588 1356 serumque
602 1309 718 1339 volutat
736 1306 875 1339 Dorvill.

325 1364 411 1409 apud
428 1364 539 1410 Burin.
586 1360 744 1405 descendere
768 1358 870 1395 Goth.
890 1365 965 1396 tert.

325 1483 409 1511 men
427 1482 491 1507 nec
510 1468 639 1507 horum
658 1465 770 1518 pietas
802 1464 841 1502 in
867 1465 956 1503 deos

326 1523 480 1571 majores
508 1520 672 1570 usquam,
708 1518 733 1556 fi
760 1517 852 1554 bene
879 1530 954 1554 me-

328 1573 438 1618 mini,
458 1572 671 1610 celebratur.
729 1571 817 1619 840.
836 1567 955 1616 Juno-

326 1626 384 1664 nis
404 1626 500 1662 sacra
513 1624 551 1661 in
566 1621 699 1660 Ovidii
719 1620 846 1664 Fastis,
863 1630 954 1659 tem-

327 1679 386 1730 pla
411 1677 505 1728 apud
527 1677 713 1712 Donatum
735 1672 897 1723 aliosque
916 1672 955 1709 in

328 1730 499 1780 descript.
514 1728 641 1764 Romae.
656 1723 861 1776 quaerenda.
881 1723 954 1760 Re-

327 1781 494 1819 vocanda
512 1789 630 1815 autem
645 1777 683 1814 in
700 1776 866 1818 animum
878 1774 954 1824 sup.

328 1835 402 1877 III,
439 1845 512 1884 435·
546 1831 644 1880 seqq.
702 1830 789 1879 841.
818 1837 956 1864 mentem

329 1887 470 1935 retorstt,
483 1882 642 1925 inflexit,
655 1879 825 1929 mutavit.
842 1879 957 1915 Com-

328 1947 456 1992 parant
473 1937 689 1984 μεταςξέφειν
708 1934 767 1970 νόον
796 1930 905 1968 Iliad.
924 1948 955 1975 o,

334 2005 397 2042 52,
425 1992 591 2040 ἒτξάπετο
611 1991 674 2027 ves,
699 1986 777 2035 φξῆν
804 1994 840 2019 et
859 1982 956 2020 slmi-

328 2043 393 2081 lia.
450 2041 533 2079 Nec
549 2040 628 2076 sane
643 2037 748 2074 aliter
763 2034 956 2073 commode

332 2104 368 2133 te
386 2094 570 2144 expedias,
616 2090 718 2127 Alias
735 2087 858 2125 malim
869 2088 954 2136 jun-

331 2159 416 2198 gere
444 2156 583 2183 mentem
619 2142 757 2178 kemla.
812 2138 872 2175 Sic
903 2147 956 2174 ta—

332 2211 416 2237 men
446 2198 574 2246 retorfit
609 2194 785 2234 absolute,
823 2190 871 2230 sc.
906 2189 956 2233 se,

328 2250 453 2302 paullo
488 2247 613 2286 durius
645 2245 798 2282 dietum.
867 2243 954 2290 842.

330 2303 456 2340 cxcedit
489 2298 598 2350 qael03
642 2310 715 2347 quo
746 2295 863 2345 igitur
894 2294 956 2330 illa

330 2354 438 2396 abiit,
478 2353 504 2389 fi
548 2351 636 2394 ezelo
671 2347 813 2386 exeeffit
855 2345 922 2382 dea
942 2346 956 2382 ?

331 2405 417 2444 Erit
448 2404 566 2443 caelum
583 2404 623 2451 h..
639 2401 664 2439 l.
695 2401 741 2436 de
764 2399 844 2449 ipsa
861 2397 957 2434 nube

329 2456 601 2508 accipiendum,
621 2451 717 2501 unde
736 2451 800 2488 illa
826 2450 957 2500 specta·

331 2510 395 2547 bat
430 2520 607 2560 pugnam,
637 2504 767 2542 aethere
784 2502 954 2553 pendens.

331 2560 435 2599 conf.
454 2561 529 2609 sup.
547 2571 635 2609 792.
657 2559 743 2607 796.
765 2558 852 2593 810.
896 2552 957 2588 In-

331 2614 379 2651 de
393 2612 456 2649 illa
474 2611 567 2648 abiit
585 2609 631 2646 ad
647 2608 748 2644 suum
784 2605 957 2651 θάλαμον,

330 2664 562 2707 cubiculum,
577 2660 675 2712 quod
689 2660 872 2696 Homerus
884 2669 957 2694 me-

332 2715 490 2754 moravit
506 2713 612 2751 Iliad.
634 2714 668 2758 ξ,
705 2711 774 2749 166
793 2710 870 2759 sqq.
900 2707 951 2745 cf.

332 2768 428 2815 Exc.
448 2767 485 2803 Π
504 2767 548 2802 ad
567 2766 662 2802 hune
683 2763 749 2800 lib.
770 2761 863 2798 XII.

346 2817 349 2819 ’
386 2823 476 2871 843.
503 2816 696 2869 Ingeniose
733 2827 866 2860 norum
901 2811 953 2851 rei

1285 1251 1358 1290 843.
1378 1253 1433 1282 His
1448 1251 1528 1282 diffis
1547 1250 1649 1283 Goth.

1021 1460 1258 1514 expediendae
1284 1459 1434 1498 modum
1461 1458 1649 1511 excogita.

1023 1515 1076 1552 vit
1100 1514 1295 1566 Virgilius.

1026 1571 1098 1616 803
1137 1566 1188 1615 sq.
1238 1564 1395 1601 Homeri
1424 1564 1592 1613 exemplo
1609 1563 1650 1601 in

1023 1618 1131 1657 sunili
1147 1618 1230 1655 loco
1248 1616 1326 1654 Irin
1346 1614 1488 1652 miserat
1503 1616 1548 1651 ad
1563 1628 1649 1652 avo·

1023 1670 1176 1707 eandam
1192 1669 1328 1706 deam:
1360 1680 1457 1704 nunc
1492 1679 1545 1703 res
1573 1676 1652 1704 erat

1022 1720 1214 1767 varianda.
1269 1719 1320 1756 Ut
1350 1718 1475 1768 itaque
1493 1718 1655 1767 juturna

1023 1787 1044 1810 a
1076 1773 1188 1810 fratre
1213 1770 1430 1813 discederet,
1464 1769 1658 1811 manifesto

1025 1824 1153 1862 mortis
1169 1821 1332 1862 instantis
1351 1821 1474 1861 omine
1491 1821 1555 1858 illa
1581 1831 1651 1859 ter-

1025 1887 1134 1914 retur.
1190 1877 1354 1913 dimittere
1372 1887 1385 1909 :
1431 1873 1655 1919 vocabulum>

1025 1928 1175 1979 quidem
1196 1926 1354 1963 sollenne
1369 1925 1407 1961 in
1427 1924 1652 1963 dimittendo

1024 1980 1204 2026 exercitu,
1223 1978 1283 2016 sed
1301 1977 1337 2015 h.
1352 1978 1385 2024 l.
1412 1976 1485 2013 alio
1503 1977 1650 2013 traduc-

1025 2041 1120 2076 tum,
1161 2032 1210 2069 est
1254 2029 1351 2067 enirn
1371 2041 1381 2066 2
1437 2027 1657 2076 abstrahere„

1025 2096 1191 2128 avocare,
1206 2090 1378 2119 avertere.

1080 2138 1152 2186 845
1173 2135 1249 2184 sqq.
1273 2133 1330 2178 Sit
1343 2142 1379 2169 et
1392 2131 1453 2169 hic
1470 2131 1571 2169 locus
1584 2144 1652 2183 pro

1023 2188 1190 2238 exemplo
1211 2186 1320 2222 variae
1334 2183 1422 2221 artis
1433 2192 1468 2220 et
1483 2183 1652 2231 rationis,-

1024 2253 1096 2290 qua
1138 2241 1257 2290 'po‘etae
1292 2235 1432 2273 fabulas
1465 2235 1651 2285 antiquas,

1023 2291 1188 2341 interque
1206 2302 1264 2327 eas
1282 2288 1320 2324 id
1336 2286 1504 2337 inprimis
1521 2299 1655 2338 genus,x

1025 2343 1124 2393 quod
1144 2339 1386 2390 symbolicum
1413 2348 1450 2376 et
1480 2338 1651 2388 allegori-

1023 2408 1106 2436 cum
1125 2394 1170 2431 ab
1194 2391 1340 2442 origine
1359 2389 1449 2435 fuit,
1479 2391 1646 2429 tractant.

1025 2445 1085 2483 De
1105 2444 1227 2484 Furiis,
1240 2447 1388 2495 poetam
1403 2454 1523 2492 agere,
1541 2441 1650 2478 dubi-

1024 2497 1093 2535 tari
1111 2496 1251 2547 nequit.
1305 2494 1374 2531 Sed
1411 2506 1495 2530 cum
1523 2505 1647 2530 earum

1024 2550 1122 2588 sedes
1141 2549 1228 2585 alias
1246 2547 1312 2583 sint
1330 2546 1368 2583 in
1387 2544 1562 2588 Tartaro,
1580 2544 1649 2581 sal,-

1024 2613 1096 2639 tem
1109 2601 1145 2637 in
1163 2598 1326 2636 Plutonis
1340 2597 1440 2647 regia
1451 2597 1507 2632 vel
1518 2595 1556 2632 in
1571 2597 1649 2633 adi..

1025 2663 1063 2690 tu
1077 2652 1289 2694 inferorum,
1305 2660 1342 2686 ut
1358 2648 1432 2693 VI,
1448 2652 1537 2692 280,
1551 2661 1647 2685 nunc

1026 2707 1064 2743 in
1094 2703 1195 2754 Jovis
1227 2702 1298 2738 illae
1329 2699 1504 2738 vestibulo
1534 2711 1648 2736 excu-

1019 2757 1118 2795 bant.
1175 2753 1289 2792 Servii
1318 2753 1354 2790 h.
1382 2752 1408 2789 l.
1443 2761 1479 2787 et
1497 2751 1543 2787 ad
1570 2751 1644 2794 ΙΙΙ,

1021 2823 1095 2863 209
1127 2814 1333 2853 commenta
1350 2803 1396 2843 de
1415 2801 1552 2860 triplici
1576 2801 1645 2838 Fu-

1511 2866 1650 2893 narum

1351 1511 1450 1549 Nam
1472 1511 1548 1562 sup.
1572 1509 1650 1557 IX,
1714 1510 1718 1513 ’
