1847 3313
405 293 523 340 AD
580 291 958 340 LIBRUM
1024 288 1133 337 v11.
1337 289 1425 350 167

117 427 194 459 tum
214 422 259 459 ab
278 422 345 458 hac
364 421 468 466 urbe,
497 430 534 458 et
560 421 600 458 in
626 421 719 458 valle
745 421 951 469 Prcstnzam
980 420 1100 457 ruinas
1125 415 1287 468 conspici
1315 412 1427 451 tradit

117 480 372 531 Capmartinus
390 493 473 531 pag.
498 494 510 517 1
522 494 567 519 zz
586 480 636 530 sq.
660 480 794 517 Forulos
807 479 844 516 in
862 480 945 517 loco
971 479 1063 515 inter
1082 487 1180 515 vetus
1194 475 1426 513 Amiternum

114 550 152 577 et
184 541 419 578 recentiorem
458 540 641 578 civitatem
679 540 807 591 Aquila
848 540 944 582 sitos,
983 552 1077 576 nunc
1113 540 1240 576 Civita
1271 536 1425 585 ‘Tomcfflz

114 599 245 643 difies,
272 598 355 636 satis
380 600 603 649 exploratum
622 599 684 636 est.
738 598 849 649 Qod
869 608 988 635 tamen
1015 600 1123 647 poeta
1152 597 1302 635 Forulos
1332 595 1426 632 inter

113 658 309 707 Casperium
325 667 361 694 et
380 660 509 706 flumen
528 656 688 694 Himellae
709 657 939 700 memoravit,
957 655 1193 693 transversum
1211 655 1288 706 egit
1304 653 1425 691 virum

112 717 351 755 doftiffimum
371 719 480 755 modo
501 718 702 762 laudatum,
729 727 768 754 ut
790 718 909 756 Forum
929 733 1068 762 novum,
1097 717 1197 768 quod
1224 716 1322 753 circa
1350 714 1423 751 Hi-

110 779 255 815 menam
286 779 390 816 fitum
419 777 504 820 fuit,
531 787 567 814 et
599 778 721 814 Forum
750 779 848 815 Decii
874 782 1019 828 poetam
1052 777 1235 828 respexisse
1268 784 1425 826 putaret.

111 838 183 874 Sed
214 842 331 888 po'etae
356 838 426 874 hoc
453 835 733 873 condonandum
762 837 824 881 est,
854 846 894 872 ut
914 836 952 873 in
971 836 1159 885 regionum
1179 836 1243 872 fitu
1269 846 1424 884 geogra-

109 896 257 947 phicam
285 895 518 933 subtilitatem
546 894 696 932 deserat.
749 908 836 946 715.
866 893 1013 933 Tiberim
1032 895 1082 933 sc.
1113 906 1185 944 qua
1211 902 1310 945 pater
1328 892 1423 929 inter

112 955 253 993 Narem
270 965 306 992 et
325 955 517 992 Anienem.
572 954 733 998 Fabaris,
764 954 844 990 aliis
876 954 1063 1005 Farfarus,
1094 966 1190 990 nunc
1217 953 1341 1000 Fmsa,
1374 951 1422 987 ad

110 1013 279 1052 Tiberim
311 1013 509 1051 descendit.
564 1015 651 1063 716.
681 1014 822 1064 Nursia,
855 1027 950 1050 nunc
986 1014 1123 1056 Noreia,
1160 1011 1278 1049 versus
1304 1010 1422 1048 fontes

108 1072 224 1111 Naris
256 1074 349 1111 inter
384 1073 563 1110 montium
590 1071 742 1123 frigora,
771 1083 806 1110 et
835 1074 960 1118 Horta,
993 1073 1040 1111 ad.
1074 1072 1162 1110 ostia
1192 1069 1322 1115 Naris,
1349 1083 1422 1120 qua

108 1133 239 1172 Tiberi
264 1133 491 1177 immittitur,
519 1146 539 1172 a
568 1132 688 1169 Plinio
716 1132 860 1184 oppidis
880 1133 1032 1171 Etruriae
1050 1139 1295 1175 annumerata,
1325 1131 1420 1168 nihil

107 1191 330 1232 difficultatis
349 1194 492 1234 habent,
540 1192 655 1243 populi
683 1194 804 1229 Larini
829 1192 1060 1244 intelligendi
1091 1193 1161 1230 five
1188 1192 1233 1228 de
1263 1190 1422 1228 coloniis

104 1251 248 1290 Latinis
273 1253 312 1290 in
331 1266 458 1304 agrum
487 1252 661 1290 Sabinum
688 1253 866 1298 deduffis,
894 1253 964 1291 five
991 1254 1037 1292 de
1064 1251 1210 1304 oppidis
1239 1264 1259 1288 a
1275 1250 1420 1287 Latinis

103 1312 263 1350 conditis
296 1322 331 1349 et
361 1312 550 1357 habitatis,
585 1326 665 1362 quae
697 1323 897 1363 temporum
933 1313 1086 1352 successu
1122 1313 1162 1349 in
1198 1311 1417 1348 Sabinorum

103 1371 279 1409 ditionem
298 1373 483 1410 cesserunt.
536 1373 619 1410 Hoc
641 1373 788 1410 Cluver.
823 1387 906 1425 pag.
934 1375 1002 1426 651
1033 1373 1166 1414 statuit.
1191 1370 1288 1409 conf.
1318 1370 1419 1421 Cap-

101 1432 250 1469 martin.
279 1445 360 1482 pag.
398 1433 468 1482 136
503 1432 581 1482 sqq.
636 1446 723 1483 717.
751 1433 862 1478 Allia,
889 1435 1064 1484 exiguum
1092 1433 1239 1473 flumen,
1276 1429 1417 1467 Roma-

103 1503 232 1528 norum
259 1492 358 1529 clade
375 1505 395 1528 a
415 1491 534 1528 Gallis
553 1501 700 1541 accepta
718 1491 803 1528 satis
821 1502 962 1535 notum,
992 1491 1195 1535 dubitatur,
1225 1502 1298 1542 quo
1331 1489 1416 1526 loco

101 1551 309 1589 defluxerit,
363 1551 556 1589 Cluverius
573 1552 638 1588 effe
666 1551 823 1589 credidit
851 1566 992 1591 amnem
1024 1554 1086 1589 Rio
1115 1553 1151 1589 di
1177 1553 1281 1601 mff),
1311 1551 1415 1600 Cap-

100 1610 275 1648 martinus
292 1624 433 1648 amnem
452 1612 488 1647 S.
509 1612 685 1648 Giovcznni
709 1611 799 1648 della
827 1611 944 1655 Terre,
969 1611 1034 1662 qui
1063 1611 1157 1648 infra
1186 1610 1301 1661 Castel
1329 1611 1416 1648 Giu-

99 1668 181 1707 bileo
211 1670 343 1707 Tiberi
371 1669 551 1720 jungitur.
578 1666 655 1707 vid.
688 1669 782 1707 ibid.
820 1684 905 1721 pag.
949 1675 1018 1722 148
1047 1670 1099 1721 sq.
1154 1670 1337 1707 Caeterum
1371 1670 1412 1707 in

100 1729 236 1767 Sabim&
263 1728 433 1765 abstinuit
451 1732 562 1778 poeta
579 1727 623 1764 ab
641 1734 764 1778 orzgine
790 1729 965 1779 Spartana
991 1729 1319 1772 commemoranda,
1349 1730 1413 1768 cui

97 1787 413 1825 comminiscendae
432 1799 572 1822 morum
591 1785 757 1823 severitas
776 1788 1083 1838 opportunitatem
1108 1789 1256 1828 fecerat.
1309 1789 1411 1829 Vide

98 1847 154 1884 vel
169 1847 269 1884 Serv.
289 1845 336 1883 ad
350 1844 464 1889 VIII,
483 1845 573 1894 683.

148 1921 220 1959 7²²
239 1907 317 1957 sqq.
336 1905 495 1956 Halesus,
513 1906 569 1942 vel
587 1905 719 1956 Alfius,
737 1906 890 1944 adducit
908 1908 1062 1958 populos
1088 1922 1108 1946 e
1125 1908 1251 1960 priscis
1267 1911 1410 1949 Aurun-

93 1982 201 2006 corum
226 1975 262 2003 et
281 1966 434 2014 Oscorum
459 1963 614 2002 sedibus.
671 1963 830 2002 Fuerunt
849 1965 906 2003 isti
925 1977 1086 2004 veterum
1107 1967 1296 2005 Ausonum
1326 1970 1410 2006 reli·

92 2025 200 2074 quiae,
231 2024 447 2074 tandemque
464 2037 485 2060 a
506 2023 683 2061 Romanis
711 2025 819 2062 deleti
849 2025 942 2063 sunt.
996 2026 1165 2072 Halesus,
1187 2028 1409 2079 Agamemno-

91 2090 164 2121 nius
191 2084 309 2120 didus
328 2096 361 2120 v.
383 2095 472 2134 723,
496 2083 594 2132 quod
615 2083 801 2133 accipiunt
828 2094 867 2121 ut
896 2084 938 2121 fit
970 2084 1258 2134 Agamemnonis
1297 2087 1406 2127 filius.

90 2142 135 2179 Id
165 2156 251 2180 vero
278 2142 434 2180 alienum
461 2155 482 2179 a
512 2146 634 2192 poeta.
690 2143 792 2181 Nam
821 2143 891 2181 inf.
922 2142 989 2181 lib.
1019 2144 1074 2187 X,
1103 2158 1177 2196 417
1211 2155 1312 2196 pater
1339 2147 1405 2198 ipsi

89 2203 193 2240 fuiffe
211 2201 366 2239 traditur
382 2212 502 2245 vates,
521 2202 584 2252 qui
604 2203 710 2240 senex
728 2202 824 2241 obiit
851 2212 886 2240 et
904 2202 1035 2247 filium,
1064 2205 1166 2255 cujus
1184 2204 1259 2244 fata
1275 2206 1404 2256 praevi-

89 2262 207 2305 derat,
251 2261 290 2299 in
325 2261 411 2298 silva
444 2261 628 2298 educavit.
684 2263 962 2314 Agamemnonius
995 2262 1110 2312 igitur
1139 2263 1186 2306 ad
1221 2264 1403 2314 originem

88 2321 230 2372 generis
258 2320 385 2358 referri
418 2321 552 2357 neceffe
584 2321 656 2358 est:
686 2321 726 2359 id
756 2322 855 2371 quod
885 2322 1112 2367 commentis,
1138 2323 1242 2374 super
1270 2325 1402 2362 Graeca

88 2381 298 2419 Italicarum
317 2380 462 2418 urbium
486 2379 643 2431 origine,
676 2394 754 2432 quae
784 2381 871 2431 saepe
890 2381 1269 2428 commemoravimus,
1288 2383 1401 2422 debe-

87 2450 156 2480 tur.
209 2441 280 2478 Sed
308 2439 466 2477 discedit
492 2439 539 2477 ab
566 2440 645 2478 aliis
664 2440 773 2477 Maro
802 2440 842 2478 in
872 2440 958 2484 hoc,
994 2442 1092 2491 quod
1124 2441 1398 2492 Campanorum

88 2498 217 2536 ducem
237 2498 325 2536 facit
345 2497 535 2538 Halesum.
590 2498 689 2537 Nam
709 2498 871 2550 plerique
904 2497 1125 2537 Faliscorum
1156 2500 1336 2552 originem
1362 2511 1399 2539 et

86 2572 217 2597 nornen
244 2559 289 2596 ab
307 2572 351 2596 eo
371 2567 561 2608 repetunt:
589 2559 746 2597 Ovidius
767 2559 857 2599 Fast.
885 2558 961 2603 IV,
988 2572 1052 2610 73.
1074 2574 1138 2609 74,
1171 2562 1301 2598 Amor.
1322 2561 1397 2606 III,

91 2630 152 2666 13,
183 2631 223 2667 31
247 2618 317 2668 sq„
345 2617 460 2656 Solin.
487 2631 521 2656 e.
544 2620 581 2661 8,
611 2618 754 2655 Servius
782 2619 827 2655 ad
856 2617 949 2661 VII,
983 2622 1073 2669 695,
1105 2619 1244 2656 Alfium
1275 2630 1397 2662 autem

85 2674 242 2714 Etruriae
258 2677 292 2714 ei
310 2676 440 2714 tribuit
470 2686 653 2727 tamquam
673 2676 857 2715 conditori
877 2677 988 2714 Silius
1008 2677 1117 2721 VIII,
1146 2678 1235 2728 476.
1291 2678 1394 2716 Faci-

84 2733 154 2782 lius
171 2744 288 2772 tamen
306 2734 351 2770 ad
369 2735 618 2784 assequendum
645 2736 709 2778 est,
726 2734 911 2785 quomodo
925 2735 971 2772 ad
991 2733 1166 2772 Halesum
1188 2735 1319 2774 Falisci
1339 2749 1394 2775 re-

85 2794 207 2838 vocari
224 2794 406 2847 potuerint
421 2810 434 2842 3
464 2795 564 2833 fuere
583 2794 681 2834 enim
695 2794 918 2834 Faliscorum
950 2794 1098 2838 Falerii,
1117 2794 1315 2846 oppidum3
1347 2796 1397 2843 F,

1205 2852 1391 2899 AEolicum
