1847 3313
300 281 721 341 AENEIDOS‚
787 278 949 330 ΜΒ.
998 274 1110 329 vn.
1320 298 1383 348 95

62 414 286 471 Loricam
309 416 523 465 induitur
544 415 738 478 fidoque
762 413 1036 478 adcingitur
1059 413 1182 462 ense.
1285 417 1381 475 640

129 508 332 557 Pandite
349 524 474 555 nunc
490 506 746 563 Helicona,
762 505 883 561 deae,
903 505 1158 568 cantusque
1175 519 1381 565 movete,

64 596 165 662 Qi
189 595 315 643 bello
335 594 481 642 exciti
504 611 654 659 reges,
687 608 796 657 quae
818 609 1058 657 quemque
1077 595 1251 644 secutae

106 739 179 777 640.
201 741 308 771 Lorica
323 734 585 778 Rom.-—-—641.
615 746 716 770 monete
745 749 864 782 magna
895 738 986 770 codd.
1013 750 1096 782 pam,
1119 747 1156 772 ut
1172 739 1262 779 solet,
1281 740 1381 773 etiam

62 793 202 831 Servius,
226 801 257 824 et
268 803 327 835 pro
342 792 566 825 emendatione
583 792 701 832 fragm.
718 793 826 825 Vatic.
869 791 1020 823 Heinsius
1031 793 1231 835 conjiciebat,
1251 801 1382 836 cantuque

63 851 176 881 mmctc,
196 854 236 874 ne
252 843 301 873 bis
312 842 397 873 idem
409 842 516 872 versus
532 849 732 880 occurreret3
756 852 831 872 nam
847 840 966 883 legitur
986 841 1039 873 ille
1054 843 1192 874 totidem
1204 845 1308 876 verbis
1324 846 1380 876 lib.

65 893 112 931 X,
135 894 207 934 163.
231 896 278 924 At
289 903 366 923 vero
383 898 461 933 quot
473 891 577 922 versus
593 891 627 922 in
642 891 785 933 Virgilio
805 899 836 922 et
851 891 884 922 in
897 893 1042 923 Homero
1059 892 1156 924 essent
1172 895 1332 933 mutandi,
1357 893 1382 927 ss

65 943 128 975 hoc
149 944 236 987 sequi
262 941 595 978 vellen1u5.——-642.
627 945 708 972 acciti
734 942 858 973 Medic.
887 942 994 974 Colot-
1021 951 1053 974 et
1078 945 1187 975 Burin.
1210 947 1380 988 Excerpta.

64 997 216 1028 Alterum
233 994 356 1026 doetius
372 1005 380 1025 t
416 995 514 1032 exciti3
547 1000 580 1024 et
594 994 672 1033 bello,
692 993 733 1025 ad
757 993 887 1026 bellum.
933 1007 1109 1038 quemcunque
1125 997 1210 1029 Gud.
1228 1008 1247 1028 a
1266 1008 1310 1029 m.
1327 1008 1380 1041 pr,

63 1061 141 1091 quem
151 1059 263 1090 qztaeque
277 1044 417 1077 Dorvill.

78 1199 82 1204 .
119 1168 189 1217 641
224 1166 302 1217 sqq.
356 1165 691 1210 Enumerationem,

66 1232 147 1270 quae
178 1219 349 1269 sequitur,
378 1218 563 1267 copiarum
592 1217 693 1255 Lati<

68 1284 197 1308 narum
214 1269 289 1320 ipsa
315 1282 434 1307 rerum
463 1269 556 1306 ratio
573 1273 691 1320 poetae

67 1322 219 1373 ingenio
256 1320 415 1371 objicere
449 1321 600 1366 debuit3
648 1335 691 1358 ea

67 1376 183 1415 enim,
209 1386 290 1422 quae
307 1372 492 1422 sigillatim
506 1385 692 1423 exponun-

68 1435 144 1469 tur,
179 1425 295 1461 multo
329 1425 499 1473 maJ'orem
527 1424 692 1461 miratio-

69 1489 151 1514 nem
168 1475 322 1520 faciunt,
348 1488 455 1534 quam
487 1474 512 1512 fi
536 1475 600 1512 sub
619 1489 692 1513 uno

70 1540 219 1565 numero
229 1539 392 1577 quamvis
403 1526 533 1576 grandi
543 1527 692 1564 efferan-

69 1589 152 1623 tur3
179 1591 304 1628 porro,
315 1587 507 1627 antequam
521 1590 575 1614 res
592 1592 693 1628 mag-

72 1644 128 1667 nae
144 1641 179 1667 et
197 1630 300 1667 clarae
311 1638 501 1680 geruntur,
527 1641 586 1665 eos
605 1643 693 1679 cog-

74 1682 220 1719 noscere
249 1694 409 1724 avemus,
436 1693 498 1730 per
530 1694 618 1731 quos
645 1694 693 1717 eae

72 1745 125 1770 res
156 1733 260 1783 gestae
276 1731 378 1769 sunt:
422 1732 615 1769 Homerici
632 1745 695 1768 na-

72 1785 172 1821 vium
212 1783 372 1834 catalogi
410 1785 575 1834 exemplo
614 1796 694 1821 eam

72 1836 140 1873 effe
168 1835 432 1879 adumbratam,
458 1835 606 1873 obvium
633 1835 695 1879 est,

73 1898 110 1925 et
126 1886 171 1923 ab
199 1886 366 1924 omnibus
399 1886 556 1937 Interpp.
576 1886 695 1923 obser-

73 1948 211 1976 vatum.
277 1938 340 1975 Ab
373 1938 501 1974 eodem
531 1938 697 1975 Homero

74 1989 184 2028 Iliad.
205 1992 245 2034 β,
273 1994 351 2038 484
367 1989 478 2040 petita
491 1990 538 2026 est
566 1990 695 2026 Musa—

76 2053 158 2079 rum
176 2040 383 2086 invocati03
420 2050 456 2077 et
475 2042 581 2086 reste,
607 2051 697 2078 tam—

77 2105 187 2143 quam
202 2093 242 2130 in
265 2093 368 2130 rebus
386 2105 406 2128 a
423 2092 540 2143 prisca
559 2105 697 2129 memo-

77 2145 132 2182 ria
149 2144 321 2195 repetitis.
374 2144 697 2194 Comparationem

76 2195 172 2232 inter
203 2195 439 2233 Homericam
466 2206 502 2232 et
520 2196 699 2246 Virgilia-

79 2260 162 2284 nam
182 2246 357 2284 rationem
369 2246 595 2284 aMacrobio
614 2247 699 2284 inde

79 2298 156 2335 Sat.
175 2298 228 2340 V,
262 2311 295 2334 c.
320 2311 362 2349 ις
391 2298 512 2348 passim
543 2298 700 2336 institue-

79 2358 164 2386 runt
190 2348 260 2387 viri
291 2349 404 2392 decli,
449 2349 509 2386 sed
545 2349 699 2400 partium

81 2401 156 2438 sere
174 2400 290 2439 studio
309 2411 344 2438 et
362 2399 565 2437 alterutrius
582 2406 702 2451 po'etae

83 2465 206 2490 amore
220 2451 372 2503 abrepti.
429 2451 550 2488 Nobis
577 2465 617 2488 ea
634 2465 698 2488 no-

79 2504 164 2540 taffe
181 2503 326 2547 sufficit,
345 2517 424 2553 quae
438 2502 602 2553 Virgilio
616 2516 699 2553 pro-

83 2555 163 2604 pria
182 2555 271 2592 sunt.
325 2555 422 2591 Cum
455 2554 577 2605 itaque
595 2555 698 2592 Grae,

81 2618 210 2643 corum
243 2605 386 2643 urbium
422 2615 456 2642 et
485 2607 701 2656 populorum

22 2672 29 2683 κ
84 2658 341 2699 enumeratio,r
365 2666 546 2707 tamquam
582 2658 621 2694 in
664 2671 702 2694 re

83 2709 270 2745 communi
284 2709 439 2746 Graeciae
451 2709 619 2746 consensu
635 2707 705 2746 sus-

82 2769 186 2809 cepta
209 2760 387 2810 gestaque,
414 2760 460 2797 ad
486 2761 704 2811 singulorum

84 2810 302 2861 oppidorum
327 2812 471 2851 laudem
489 2822 524 2850 et
549 2813 704 2864 gloriam

753 1166 887 1204 avitam
914 1210 918 1215 ,
946 1167 1126 1218 pertinere
1181 1167 1380 1216 videretur,

756 1221 869 1256 multa
884 1219 1066 1256 Homerus
1084 1219 1293 1270 simpliciter
1309 1236 1378 1260 no-

756 1270 855 1308 mine
905 1270 1088 1321 designare
1129 1272 1262 1321 potuit.
1327 1275 1382 1312 At

759 1321 861 1359 Latii
879 1322 982 1359 urbes
1013 1324 1189 1372 pleraeque
1222 1334 1283 1361 aut
1300 1325 1377 1364 solo

756 1383 857 1411 erant
874 1383 1019 1423 aequatae
1033 1385 1093 1411 aut
1107 1375 1257 1425 antiquo
1265 1375 1381 1426 splen..

756 1424 846 1461 dore
859 1426 1082 1462 exciderant.
1135 1426 1285 1465 Neceffe
1308 1429 1381 1479 igi-

757 1485 817 1513 tur
851 1476 921 1514 fuit
951 1482 1068 1528 poetae
1098 1490 1382 1518 commemorare

756 1541 886 1578 paucas
921 1538 957 1565 et
989 1530 1244 1567 commendare
1271 1544 1328 1568 eas
1359 1545 1382 1569 a

758 1589 876 1616 vetere
892 1579 988 1617 fama
1005 1590 1040 1617 et
1057 1581 1218 1630 antiquis
1233 1581 1381 1628 fabulis,

759 1630 885 1680 primis
902 1631 948 1668 de
966 1632 1021 1676 iis,
1050 1632 1113 1682 qui
1129 1646 1185 1669 eas
1204 1635 1382 1672 condide-

761 1692 850 1719 rant.
906 1681 1055 1720 Fabulas
1082 1693 1199 1721 autem
1225 1685 1381 1735 plerum-

759 1746 830 1783 que
847 1737 892 1770 ad
923 1734 1146 1772 Graeezmicae
1163 1735 1295 1773 fabulae
1319 1750 1383 1774 naa

760 1794 876 1822 turam
907 1787 1212 1831 accommodavit,
1239 1788 1384 1838 origine

758 1849 904 1887 quoque
938 1836 1083 1874 urbium
1116 1838 1325 1876 Italicarum
1360 1853 1384 1877 a

762 1888 901 1925 Graecis
919 1889 1078 1938 repetita.
1132 1889 1217 1942 Qa
1231 1891 1276 1928 de
1294 1904 1330 1928 re
1346 1906 1384 1931 ν.

761 1938 911 1976 Excurs.
937 1939 1031 1977 VIII
1050 1941 1095 1977 ad
1110 1941 1144 1978 h.
1159 1943 1242 1980 libr.
1283 1943 1383 1982 Cum

760 1990 883 2040 itaque
902 1991 1083 2041 Virgilius
1103 1993 1247 2031 urbium
1266 2004 1301 2032 et
1316 2009 1382 2046 po-

761 2043 925 2092 pulorum
945 2045 1117 2081 varietate
1144 2045 1381 2097 locorumque

760 2103 796 2129 et
830 2107 968 2131 morum
996 2095 1200 2133 diversitate
1232 2098 1386 2135 inferior

760 2146 841 2181 effet
877 2145 1058 2190 Homero,
1109 2148 1385 2187 del-‘effationem

761 2209 805 2233 ex
824 2197 951 2234 fabulis
970 2198 1092 2248 priscis
1107 2200 1198 2236 reete
1208 2201 1383 2250 quaesivit,

762 2248 875 2298 Qod
895 2250 1093 2298 'frojanam
1108 2251 1222 2288 aciem
1235 2265 1305 2289 non
1320 2255 1386 2290 ad-

757 2300 862 2349 jecit,
907 2302 952 2337 ad
991 2302 1229 2339 Homericum
1263 2317 1385 2342 exem-³

763 2352 877 2401 plum,
927 2366 1031 2390 nemo
1069 2354 1176 2391 facile
1209 2355 1388 2401 miretur3

763 2415 871 2453 quam
891 2404 987 2441 enim
999 2405 1208 2443 varietatem
1219 2417 1254 2443 et
1267 2409 1387 2445 delec-

762 2454 935 2491 tationem
969 2468 1009 2493 ea
1045 2459 1267 2495 enumeratio
1300 2473 1385 2510 pro·

764 2505 907 2543 mittere
938 2510 1102 2557 poterat?
1154 2509 1386 2549 Etruscorum

765 2557 901 2594 auxilia
918 2571 1082 2596 enarrare
1101 2573 1173 2597 non
1190 2562 1322 2599 oblitus
1338 2565 1386 2601 est

767 2608 834 2646 inf.
863 2610 928 2647 lib.
967 2610 1022 2655 X,
1063 2612 1130 2661 163
1167 2612 1217 2664 sq.
1273 2613 1388 2652 Erant

766 2660 861 2697 enim
881 2661 918 2697 in
937 2674 1068 2711 genere
1086 2664 1158 2700 hoc
1189 2678 1303 2702 rerum
1322 2666 1388 2703 ho-

769 2712 991 2762 minumque,
1005 2727 1083 2764 quae
1099 2716 1142 2752 ad
1163 2715 1321 2753 animum
1338 2728 1389 2753 10-

770 2775 851 2800 nere
870 2765 1015 2814 pollent,
1071 2766 1183 2820 Qud
1218 2769 1263 2804 ad
1289 2770 1390 2805 ordi-

770 2826 867 2861 nem,
885 2828 958 2866 quo
979 2818 1079 2856 urbes
1097 2819 1253 2858 recenset
1271 2822 1393 2868 poeta,

1265 2882 1393 2911 atlmct
