1847 3313
367 271 477 318 AD
535 268 888 318 LIBRUM
936 267 1005 318 X.
1246 290 1338 338 491

39 399 242 440 Saturniam
265 412 298 441 et
327 401 419 441 alias
446 404 603 455 quasdam
623 401 734 446 urbes,
765 418 847 454 quas
874 403 965 454 ipsis,
983 404 1136 454 temporis
1156 403 1344 454 pmgrffc.

39 461 176 511 Etrzgsci
199 466 404 512 eripuerunt.
459 464 617 501 Potuere
632 476 722 514 ergo
740 462 834 500 inter
851 475 912 500 eas
933 463 1054 506 urbes,
1081 475 1171 515 quas
1198 462 1344 515 Pelasgi

39 530 206 565 tenuere,
223 532 259 560 et
277 522 346 560 illae
363 523 446 566 effe,
468 537 559 575 quas
574 525 686 574 poeta
702 521 894 570 recensuit.

93 582 254 634 Clzszcm,
299 583 454 631 Camers
489 585 548 622 vel
584 584 739 621 Camars
771 583 860 621 olim
896 582 1048 627 dietum,
1092 583 1189 622 inter
1219 583 1347 623 AEneae

39 642 180 680 auxilia
191 643 284 680 bene
296 644 428 682 referri
440 645 576 696 potuit,
589 643 909 695 quandoquidem
899 658 937 681 1n
944 643 1153 682 societatem
1165 654 1203 683 et
1213 645 1348 684 amici-

8 706 11 710 *
38 700 128 738 tiam
147 715 169 739 a
182 702 362 740 Romanis
378 714 565 759 receptum
584 704 781 741 Gallorum
796 716 899 740 arma
916 703 955 740 in
975 704 1163 742 Romanos
1180 704 1344 744 avertit:

38 761 127 800 Liv.
157 763 210 806 V,
240 764 288 814 36
307 764 357 814 sq.
414 766 505 804 Erat
526 766 609 803 urbs
595 765 884 816 antiquiffirna,
912 778 1022 815 quam
1047 765 1202 804 Umbris
1217 766 1345 816 ejeffis

38 818 186 861 Etrusci
201 824 298 861 suam
314 824 491 862 fecerant.
539 826 598 863 De
613 825 683 863 hac
699 835 736 863 et
753 825 934 864 nonnullis
950 825 1098 863 urbibus
1112 825 1346 880 sequentibus

38 881 126 920 vide
156 896 252 921 nunc
284 885 416 928 Lanzi,
444 885 517 923 viri
545 885 642 923 doffi
671 895 708 922 et
731 885 925 936 ingeniofi,
954 886 1091 924 librum
1117 887 1163 924 de
1194 887 1346 939 Lingua

38 941 193 980 Etrusca
221 944 376 994 (Saggio
393 947 432 982 di
450 946 588 995 Lingua
608 947 751 995 Etrzgfca
777 946 854 983 To.
874 946 948 994 II.)
1009 947 1117 996 Cosae,
1153 949 1213 985 vel
1233 949 1346 993 Cosa,

36 1000 85 1039 ad
103 1015 204 1040 mare
223 1002 331 1053 supra
361 1004 533 1042 Herculis
554 1001 700 1055 portum
722 1006 811 1048 sxtae,
853 1006 938 1054 Cefiz
972 1006 1192 1045 Volcientium
1224 1007 1347 1047 Plinio

35 1060 142 1098 dictae
158 1061 223 1099 lib.
245 1062 324 1105 ΙΙΙ,
348 1077 385 1114 5,
407 1067 443 1107 8,
473 1077 494 1100 a
519 1064 627 1102 Volcis
655 1064 827 1103 videntur
841 1066 909 1103 effe
932 1065 1122 1111 deduCtae3
1150 1066 1345 1136 antiquum

34 1120 74 1158 id
102 1120 174 1159 fuit
202 1122 360 1160 Etruriae
386 1123 582 1174 oppidum,
612 1125 708 1162 forte
740 1124 785 1162 ad
814 1124 931 1175 ipsum
969 1126 1131 1164 Clufium
1159 1127 1346 1179 originem

36 1178 178 1224 retulit,
206 1191 269 1219 aut
286 1181 350 1220 sub
370 1183 599 1222 Clusinorum
619 1186 835 1236 potestatem
855 1185 946 1224 olim
963 1185 1058 1224 fuit:
1090 1187 1205 1226 Certe
1223 1202 1269 1227 ex
1284 1189 1343 1228 his

36 1254 149 1279 unum
163 1255 298 1292 agmen
317 1245 514 1282 conflatum
528 1246 720 1283 videmus
710 1260 748 1283 m
766 1246 945 1297 Virgilio.
998 1246 1116 1285 Ducit
1134 1247 1222 1287 illud
1237 1249 1344 1288 Mas-

36 1300 151 1338 ficus:
181 1302 243 1339 sub
262 1315 334 1353 quo
354 1302 447 1353 adeo
472 1305 702 1342 Clusinorum
731 1306 807 1342 Lar
839 1307 906 1343 effe
935 1305 1065 1344 debuit
1097 1308 1243 1359 Ostnius,
1274 1309 1343 1360 qui

32 1358 130 1397 infra
148 1373 186 1397 v.
206 1360 279 1412 655
301 1373 541 1402 memoratur.
598 1365 766 1402 Alterum
789 1377 923 1415 agmen
941 1365 990 1402 est
1008 1379 1054 1402 ex
1081 1367 1264 1417 Populonia
1281 1368 1343 1407 seu

34 1419 241 1471 Populonio
256 1431 294 1458 et
306 1435 352 1459 ex
371 1422 485 1460 insula
502 1423 593 1462 Ilva
610 1424 668 1461 seu
689 1425 734 1460 F
738 1425 863 1467 thaha
883 1439 978 1463 nunc
995 1425 1102 1469 Elba,
1129 1426 1164 1464 ei
1183 1428 1344 1477 objesta,

33 1483 217 1519 coactum.
273 1482 468 1532 Populonii
488 1485 596 1536 origo
614 1485 756 1523 incerta
775 1487 835 1524 est.
856 1485 935 1523 vid.
959 1487 1064 1524 Serv.
1082 1487 1129 1525 ad
1148 1488 1185 1526 h.
1201 1488 1226 1526 l.
1245 1488 1343 1533 Ilva,

31 1541 269 1579 Etruscorum
289 1542 433 1580 colonia
467 1545 564 1595 (vid.
582 1547 760 1597 Stephan.
780 1546 818 1584 in
838 1546 1008 1594 Albam),
1035 1547 1123 1585 olim
1143 1544 1240 1592 aeris,
1254 1561 1342 1587 mox

31 1598 123 1638 ferri
140 1601 275 1639 fodinis
294 1602 534 1642 nobilissima.
526 1619 534 1626 ·
578 1605 656 1642 vid.
690 1605 822 1643 Strabo
841 1605 894 1647 V,
924 1619 963 1654 p.
994 1619 1080 1656 342.
1110 1606 1269 1646 Diodor.
1289 1608 1343 1651 V,

36 1672 82 1711 13
106 1669 144 1699 et
162 1661 210 1699 al
240 1662 338 1713 apud
358 1663 512 1701 Cluver.
545 1665 632 1702 Ital.
664 1678 755 1715 pag.
778 1678 854 1716 502
875 1664 954 1715 sqq.
984 1675 1021 1703 et
1041 1667 1148 1704 Serv
1174 1667 1221 1705 ad
1240 1668 1279 1706 h.
1311 1669 1342 1707 1

29 1719 142 1757 Mille
160 1719 259 1758 viros
288 1722 373 1771 Psa
401 1722 577 1760 adduftos
605 1723 773 1761 videmus
792 1737 830 1761 v.
863 1728 1080 1776 175—180.
1135 1726 1252 1765 Pisam
1277 1741 1341 1766 au-

27 1788 104 1817 tem
118 1780 214 1818 inter
231 1781 338 1819 urbes
353 1796 374 1819 a
393 1782 553 1834 Pelasgis
573 1794 610 1820 et
632 1783 896 1835 Aboriginibus
914 1783 1099 1823 habitatas
1115 1787 1239 1836 paullo
1253 1797 1340 1826 ante

26 1837 218 1878 vidimus:
266 1851 306 1879 ut
329 1841 422 1879 adeo
446 1842 543 1880 inter
572 1842 832 1893 antiquiffimas
861 1843 962 1881 illam
989 1844 1091 1882 fuiffe
1116 1847 1254 1884 neceffe
1281 1848 1338 1887 fit.

26 1900 257 1952 Lycophron
284 1901 381 1952 ipsos
418 1903 545 1952 Lydos
583 1903 744 1941 advenas
775 1904 896 1943 Pisam
926 1907 1120 1956 occupasse
1152 1907 1265 1946 tradit
1295 1921 1337 1947 ν.

31 1972 146 2027 1359,
184 1961 282 2012 quod
313 1975 360 2000 ex
389 1962 562 2011 opinione
594 1974 760 2001 veterum
791 1964 838 2001 de
869 1964 1106 2004 Etruscorum
1137 1980 1184 2005 ex
1214 1967 1338 2018 Lydia

26 2020 174 2071 origine
202 2021 276 2058 inte
279 2020 495 2072 lligendum.
552 2023 658 2060 Fecit
685 2034 807 2060 tamen
836 2023 945 2074 script
949 2025 1070 2062 oribus
1102 2027 1271 2066 fraudem
1298 2038 1338 2067 et

25 2081 104 2120 haec
125 2081 281 2119 nominis
295 2082 507 2127 fimilitudo,
535 2094 574 2121 ut
593 2097 613 2120 a
631 2085 695 2122 Pis
692 2099 711 2121 a
727 2084 843 2122 Elidis
863 2085 1046 2135 profecios
1065 2087 1242 2133 dicerent,
1273 2089 1338 2141 qui

27 2140 147 2179 Pisam
163 2141 320 2179 Etruriae
334 2143 565 2188 conderent;
595 2144 671 2181 vid.
709 2145 842 2181 Strabo
863 2145 915 2187 V,
947 2159 1039 2196 pag.
1069 2160 1146 2197 340
1165 2148 1208 2186 B.
1240 2147 1338 2188 Plin.

26 2202 105 2244 ΙΙΙ,
126 2215 161 2254 5.
193 2201 320 2251 Justin.
342 2202 430 2244 XX,
454 2216 487 2239 1
518 2203 633 2240 Solin.
657 2207 691 2241 8.
699 2203 926 2254 Copiofiuse
946 2207 1064 2242 nostro
1082 2219 1153 2256 poe
1135 2211 1196 2245 cta
1212 2209 1338 2259 perse-

25 2262 150 2313 quitur
172 2263 333 2300 Rutilius
350 2261 441 2298 Itin.
461 2261 494 2304 Ι,
526 2262 596 2313 565
617 2263 668 2313 sq.
725 2262 844 2300 Addit
864 2265 996 2302 Strabo
1014 2265 1114 2303 fuisse
1132 2280 1193 2305 eos
1212 2282 1257 2306 ex
1275 2267 1337 2312 iis,

25 2321 90 2372 qui
108 2322 301 2359 Nestorem
321 2320 364 2358 ad
381 2320 490 2358 Ilium
504 2321 671 2372 sequuti
661 2336 699 2358 1n
716 2321 836 2360 reditu
848 2323 909 2360 via
925 2325 1202 2365 aberraverant.
1256 2329 1337 2367 Ho-

23 2392 146 2421 merus
165 2393 287 2436 tarnen
309 2383 448 2420 Pisatas
477 2397 550 2421 non
577 2396 842 2423 commemorat
867 2386 963 2424 inter
986 2401 1063 2431 eos,
1090 2403 1182 2440 quos
1201 2391 1337 2429 Nestor

25 2441 195 2480 adduxit.
251 2441 361 2478 Adde
394 2442 572 2480 Serviana
599 2444 644 2480 ad
673 2458 710 2484 ν.
750 2457 821 2495 179
843 2445 883 2482 h.
913 2447 957 2490 1.,
992 2447 1090 2485 unde
1108 2463 1172 2500 pa
1160 2459 1213 2488 tet
1231 2452 1338 2501 plura

25 2500 126 2539 fuisse
156 2504 350 2551 poetarum
380 2503 441 2539 vel
473 2503 726 2542 historicorum
746 2516 956 2545 commenta
984 2507 1031 2545 de
1063 2509 1151 2547 Pisae
1175 2511 1336 2562 origine.

25 2563 113 2601 Alia
131 2572 256 2601 tamen
275 2563 312 2600 in
331 2562 461 2601 Servio
479 2564 623 2614 legerat
643 2566 717 2615 Jul.
754 2566 883 2604 Sabin.
941 2568 1114 2619 Sequitur
1140 2576 1335 2611 v.180—-·

28 2625 102 2672 184
131 2623 238 2660 Astur
254 2635 338 2660 cum
353 2624 525 2660 trecentis
539 2637 585 2661 ex
604 2624 731 2675 Agyl.a
750 2624 811 2662 seu
831 2626 934 2663 Caere
952 2637 990 2664 et
1008 2628 1138 2665 vicinis
1157 2630 1247 2668 locis
1266 2631 1334 2669 ad-

23 2680 156 2724 duciis,
183 2681 322 2719 scilicet
341 2694 387 2719 ex
405 2682 505 2732 agris
526 2696 569 2720 ac
587 2683 679 2720 vicis
699 2683 799 2721 circa
828 2685 1013 2724 Minionem
1040 2687 1190 2726 fluvium
1220 2692 1335 2740 (nunc

24 2742 219 2792 Mugnone)
249 2741 344 2779 haud
359 2741 472 2792 longe
487 2756 508 2779 a
527 2744 821 2790 Centumcellis3
848 2745 987 2796 exiguo
1003 2745 1201 2786 intervallo
1212 2749 1336 2788 versus

24 2803 257 2846 occidentem
273 2803 344 2842 fuit
365 2803 547 2843 Gravisca
565 2805 624 2843 vel
653 2806 871 2856 Gravscae5
918 2807 1011 2845 ultra
1044 2808 1258 2848 Minionem
1286 2810 1336 2849 ab

1177 2869 1335 2917 oriente,
