1847 3313
383 227 807 286 AENEIDOS,
855 227 1008 277 LIB.
1057 228 1151 284 XI.
1328 243 1420 295 571

107 362 305 416 Mandit
336 362 555 420 humum,
600 359 899 424 moriensque
934 359 1016 407 suo
1050 359 1096 408 se
1137 360 1187 407 in
1232 360 1426 408 volnere

307 452 474 499 versat.

109 541 242 590 Tum
279 540 450 597 Lirim,
483 539 815 605 Pagasumque
851 539 1028 605 super:
1077 544 1281 605 quorum
1308 539 1427 585 alter

302 631 507 677 habenas
1330 628 1426 690 670

109 722 308 769 Suffosso
332 721 536 769 revoltus
563 737 683 784 equo
703 721 818 768 dum
841 721 1040 785 colligit,
1074 722 1208 777 alter,

110 812 243 858 Dum
266 813 405 870 subit,
431 829 485 859 ac
509 813 727 859 dextram
753 811 930 857 labenti
957 810 1109 856 tendit
1129 810 1381 866 inermem,

110 900 386 963 Praecipites
401 901 668 963 pariterque
685 912 845 946 ruunt.
885 899 981 945 His
998 898 1131 945 addit
1148 898 1425 944 Amastrum

110 990 430 1055 Hippotaden
447 1015 458 1045 ;
486 992 786 1053 sequiturque
805 991 1084 1037 incumbens
1100 988 1283 1034 eminus
1299 988 1427 1033 hasta

111 1082 372 1144 Tereaque,
441 1079 879 1142 Harpalycumque,
935 1090 981 1124 ct
1035 1077 1423 1139 Demophoonta.

306 1171 685 1233 Chromimque:
1333 1167 1424 1228 675

111 1262 339 1327 Qotque
362 1259 519 1306 emiffa
536 1276 679 1305 manu
701 1257 927 1310 contorsit
951 1257 1131 1318 spicula
1153 1257 1299 1319 virgo,

159 1393 234 1434 669.
251 1392 284 1438 se
305 1393 412 1423 aberat
431 1393 540 1422 Franc.
588 1391 616 1421 ἱη
634 1389 742 1420 deerat
753 1388 909 1430 ple-risque
926 1387 1011 1420 Pier.
1030 1396 1060 1418 et
1074 1388 1233 1418 nonnullis
1249 1387 1356 1418 Heius.
1400 1389 1430 1420 ἱι

113 1446 235 1478 verbere
250 1456 296 1486 pr..
315 1443 436 1475 Hamb.
485 1445 511 1473 in
525 1443 665 1485 sanguine
683 1440 782 1471 Goth.
806 1447 899 1476 tert„
918 1447 947 1469 et
966 1438 1005 1469 fic
1020 1439 1159 1469 Macrob
1192 1440 1251 1476 lV,
1267 1438 1296 1475 6,
1314 1439 1378 1475 sed,
1393 1445 1431 1469 ut

115 1497 196 1531 hene
223 1503 332 1527 monet
361 1495 481 1532 Heins„
508 1495 657 1537 sanguinis
682 1495 743 1523 rivi
765 1490 997 1533 praecesserant‚
1013 1490 1095 1520 male
1121 1489 1218 1520 etiam
1238 1492 1431 1519 Fontanuse

117 1549 188 1582 cod.
223 1547 406 1579 Britannico
441 1545 552 1587 reponi
575 1543 691 1581 voluit,
723 1545 750 1574 in
773 1542 912 1586 sanguine
939 1540 1047 1583 metfizt.
1095 1541 1298 1570 Burmannus
1322 1540 1431 1570 laudat

116 1600 280 1634 Drakenb.
308 1599 347 1629 ad
372 1598 484 1628 Silium
511 1598 556 1633 V,
581 1604 656 1635 577.
704 1594 829 1624 Scilicet
857 1593 882 1623 is
907 1593 1012 1623 locum
1030 1591 1170 1621 vindicat
1194 1602 1231 1622 ex
1248 1591 1432 1622 imitatione

117 1651 237 1682 Siliana
250 1661 256 1678 τ
281 1659 307 1680 ct
322 1649 478 1692 vasantem
495 1650 522 1678 in
537 1647 658 1677 vulnere
666 1645 722 1689 fi'se
736 1645 896 1686 Tratgfigit.
986 1641 1062 1681 670.
1089 1644 1182 1673 Lirim
1199 1642 1306 1674 Hcins.
1321 1643 1432 1673 secun·

117 1703 196 1734 dum
214 1701 337 1733 Medic.
357 1708 389 1730 ct
406 1699 493 1729 alios.
518 1698 627 1739 Vulgo
644 1708 652 1727 :
677 1698 771 1739 Ljrin.
819 1693 963 1736 Pagasum
986 1700 1117 1723 tuentur
1135 1703 1245 1723 omnes
1265 1693 1353 1727 fere3
1377 1691 1433 1724 alii

119 1752 297 1794 Phagasum‚
315 1749 463 1792 Pegafian.
511 1750 546 1778 In
563 1748 621 1779 sec.
641 1750 760 1778 Mores.
786 1747 959 1787 Phagam'm.
979 1743 1110 1786 Pagasas
1133 1743 1231 1773 etiam
1247 1754 1297 1785 ap.
1316 1743 1432 1776 Silium

117 1803 255 1834 occurrit
271 1802 328 1832 lib.
348 1802 389 1838 V,
404 1809 476 1837 410.
569 1798 642 1838 671.
661 1798 773 1843 Suffufh
788 1797 840 1827 vel
857 1795 978 1839 Suffiff
998 1805 1116 1836 magna
1130 1795 1221 1826 codd.
1240 1805 1322 1836 pars,
1333 1796 1433 1827 etiam

119 1858 218 1887 Rom.
248 1862 280 1885 et
297 1853 414 1885 Medic.
443 1864 462 1883 a
483 1863 529 1882 m.
555 1852 630 1889 sec„
651 1851 730 1881 item
746 1858 810 1880 tres
827 1849 943 1886 Goth.,
964 1848 1129 1878 invezffiim
1147 1847 1228 1878 etin
1248 1847 1322 1880 edd.
1350 1849 1430 1882 Ald.

119 1916 195 1941 tert.
212 1915 243 1938 et
260 1906 298 1938 al.
347 1908 396 1936 De
415 1906 519 1948 pedum
534 1904 683 1948 suffustone
706 1903 832 1933 Servius
849 1901 1023 1943 cogitabat,
1115 1900 1188 1940 672.
1214 1909 1241 1931 et
1255 1901 1334 1933 dext.
1367 1901 1433 1933 duo

124 1960 240 1998 Goth„
261 1960 301 1990 ad
323 1958 435 1989 sonum
456 1957 558 1998 magis
574 1963 713 1997 gratum.
752 1957 879 1986 inermem
896 1952 1007 1984 Heins.
1039 1963 1056 1983 e
1072 1952 1163 1983 codd.
1193 1953 1338 1986 reduxit:
1371 1964 1432 1995 pro

122 2012 211 2053 vulg.
236 2013 358 2042 inertem.
379 2009 420 2041 cs.
434 2009 501 2050 sup.
521 2008 560 2038 ad
577 2008 622 2044 X,
637 2005 877 2048 595.-——673.
902 2005 1064 2047 Amastrum
1081 2014 1129 2044 pr.
1159 2003 1276 2035 Hamb.
1303 2012 1336 2036 et
1352 2005 1434 2036 alter

121 2063 296 2107 Amflstrum.
342 2061 432 2090 Tum
461 2059 660 2102 Hippodatem,
682 2058 873 2100 Hippodaten,
889 2056 1041 2088 aberratt.
1060 2054 1135 2086 libb.
1182 2055 1236 2087 Est
1247 2057 1385 2100 Hippotae
1406 2057 1430 2093 f.

212 2111 286 2150 674,
310 2112 476 2153 ‘Thereaque
490 2108 584 2139 multi
601 2109 684 2150 apud
702 2108 811 2138 Heins.
839 2116 871 2139 et
893 2107 993 2138 Goth.
1010 2113 1100 2144 tert.,
1127 2116 1191 2136 non
1209 2105 1303 2137 male.
1348 2109 1433 2138 Har..

119 2167 228 2211 pqlcem
252 2163 389 2195 Dorvill.
433 2164 635 2205 Chromimque,
655 2161 740 2203 quod
768 2161 835 2202 jam
856 2160 928 2191 edd.
960 2159 1060 2200 Aldd.
1088 2157 1260 2195 habebant,
1277 2158 1389 2190 Heius.
1412 2171 1431 2191 e

123 2216 241 2249 Medic.
271 2222 303 2246 et
333 2214 455 2245 caeteris
480 2213 655 2250 revocavit,
691 2224 749 2255 pro
778 2213 918 2243 Chromin.
978 2213 1024 2242 At
1050 2212 1148 2242 Rom.
1184 2210 1297 2251 (quem
1324 2218 1433 2243 tamen

122 2270 251 2311 Chromin
263 2265 413 2297 exhibere
425 2264 556 2295 testatur
567 2264 743 2305 Bottarius)
759 2271 790 2294 et
803 2263 857 2294 alii
868 2262 950 2293 Pier.
965 2273 1038 2292 cum
1050 2260 1206 2292 Montalb.
1221 2262 1434 2304 Chromumque.

123 2319 226 2350 Goth.
244 2328 294 2360 pr.
325 2324 356 2347 et
383 2322 457 2346 tert.
481 2317 682 2357 Chronumque.
728 2322 792 2345 tres
824 2315 935 2346 Burm.
961 2314 1145 2356 Cromimque.
1193 2311 1344 2344 Versuse
1371 2315 1432 2347 Gr.

123 2371 213 2416 Τκξὲοι
227 2370 258 2400 S*
271 2367 450 2411 Ἀξτάλυκὸν
466 2365 496 2396 τί
508 2378 554 2406 γε,
576 2365 764 2408 Δημοφὸωντα
780 2365 880 2409 Χξὸμιν
893 2378 935 2397 τε.
1088 2364 1091 2366 ’

125 2479 329 2530 Trojanos:
358 2492 379 2516 e
406 2478 535 2528 quibus
566 2477 745 2527 Amastrus
807 2489 889 2514 nere
919 2487 1091 2513 cernuum
1121 2473 1288 2512 retrahat.
1343 2473 1434 2524 674,

126 2530 303 2583 Hippotae
329 2530 356 2581 f‘.
410 2531 551 2567 Mandit
577 2530 711 2566 humum
731 2542 744 2565 .·
796 2533 953 2580 sequitur
967 2526 1163 2569 incumbens,
1182 2529 1289 2574 ἔφέπει
1309 2525 1432 2575 {gelde-

125 2586 223 2634 quod
241 2583 326 2620 alias
344 2583 500 2619 mordere.
520 2594 554 2619 v.
576 2580 651 2630 sup.
671 2583 746 2631 418
814 2598 862 2618 σα
881 2580 936 2616 vel
958 2578 1169 2627 ἔφεξειδομένη
1187 2578 1304 2627 puella
1324 2592 1334 2621 3
1364 2577 1433 2615 hoo

127 2646 163 2681 et
175 2634 373 2674 Var.Lec'‘t.
390 2633 435 2669 ad
456 2633 510 2676 X,
526 2637 614 2683 489.
658 2633 747 2682 671.
814 2630 967 2669 refertur
1000 2630 1045 2665 ad
1085 2627 1200 2665 nisum
1235 2628 1435 2667 emittentis

127 2682 276 2725 habenas
302 2686 378 2722 dum
409 2683 545 2734 colligit,
582 2682 750 2720 revolutus
813 2683 960 2725 hastam,
975 2693 1045 2730 qua
1058 2680 1121 2716 illa
1133 2679 1331 2728 insequitur
1342 2678 1433 2716 emi-

128 2739 361 2790 tquostgffoffi),
392 2745 432 2774 ut
448 2747 581 2786 equum
610 2747 655 2774 ex
673 2733 750 2773 vul·
814 2747 894 2780 nus,
913 2733 949 2772 h.
968 2733 1073 2782 petit,
1091 2731 1301 2770 Tereumet
1313 2732 1417 2777 alios,

1343 2783 1435 2843 6722
