1847 3313
385 320 479 371 270
723 297 1226 352 ExcURsUs
1282 292 1355 345 lv

437 436 604 472 Acumen
626 441 747 469 autem
765 430 920 480 Virgilii
952 429 990 466 in
1011 442 1132 466 rerum
1150 428 1284 466 dileetu
1308 437 1344 465 et
1373 427 1551 465 summum
1581 433 1691 465 orna·

384 504 463 532 tum
485 492 703 543 cognoscere
724 490 786 541 qui
807 491 920 532 volet,
948 502 1019 526 non
1036 488 1146 526 modo
1164 487 1406 526 Homericum
1425 487 1527 525 illurn
1547 495 1584 524 et
1609 485 1692 523 He-

385 556 544 594 fiodeum
565 554 722 603 clipeum
739 560 930 601 comparet
950 550 1086 588 neceffe
1107 550 1168 592 est,
1197 563 1324 586 verum
1352 563 1414 587 eos
1440 561 1601 600 quoque,
1630 543 1692 597 qui

384 615 431 653 ad
452 615 530 663 ejus
545 612 751 661 exemplum
771 611 870 648 idem
891 619 1148 660 argumentum
1172 609 1369 646 retrac'tare
1384 609 1578 646 voluerunt
1595 621 1603 644 ε
1635 606 1691 644 Si·

383 675 474 712 lium
494 674 556 712 lib.
573 672 626 717 11,
655 685 723 724 395
745 671 798 721 sq.
839 670 1019 721 Qintum
1040 668 1124 706 Cal.
1143 669 1179 706 V
1198 682 1256 720 pr.
1277 670 1452 707 Nonnurn
1471 668 1534 707 lib.
1564 667 1694 709 XXV,

381 747 423 785 p.
444 733 534 783 664.

439 795 623 843 Praerepta
641 800 743 828 erant
768 786 948 840 Virgilio,
977 796 1016 825 ut
1035 786 1070 839 in
1098 795 1152 824 tot
1171 786 1266 829 aliis,
1295 800 1352 829 ea,
1382 799 1462 837 quae
1482 785 1518 824 in
1549 796 1695 837 quaque

387 868 442 898 re,
469 854 506 891 in
527 865 672 904 quoque
689 850 954 902 phantasmate.
982 847 1119 898 primus
1135 847 1276 899 ingenii
1292 846 1464 897 impetus,
1493 846 1568 897 ipsa
1587 857 1694 883 natu-

385 929 432 952 ηε
446 913 519 955 vis,
547 911 666 961 primo
681 910 763 948 loco
780 909 911 947 offerre
931 907 1018 945 solet
1039 906 1173 943 animo.
1229 906 1322 943 Haec
1337 919 1520 956 occupare
1537 905 1694 944 liberum

385 983 464 1011 erat
483 972 664 1013 Homero,
692 980 879 1019 tamquam
892 967 930 1005 in
944 979 1096 1004 vacuam
1110 965 1352 1016 poffeslionem
1370 965 1531 1002 venienti
1548 979 1557 1001 :
1586 965 1696 1003 adeo-

385 1048 457 1085 que
475 1046 557 1071 eum
578 1044 703 1069 omnes
723 1030 798 1080 post
818 1028 851 1066 se
866 1027 1025 1065 viauros
1041 1027 1167 1075 poetas
1181 1025 1347 1075 superare
1360 1024 1398 1063 in
1417 1025 1541 1063 multis
1559 1027 1695 1064 necesse

386 1103 482 1136 erat,
511 1093 558 1130 sic
578 1102 616 1129 ut
648 1090 723 1141 ipse
743 1102 927 1140 nunquam
949 1087 994 1125 ab
1020 1086 1104 1137 ipsis
1138 1085 1236 1135 vinci
1269 1087 1394 1137 poss‘et.
1453 1086 1549 1123 Cum
1571 1096 1696 1124 tamen

387 1163 588 1206 exponeret
604 1149 728 1189 omnia
745 1163 828 1187 cum
857 1147 1086 1198 simplicitate
1107 1146 1257 1191 summa,
1287 1146 1435 1197 reliquit
1459 1146 1527 1183 hoc
1547 1146 1624 1197 ipso
1638 1147 1697 1184 in·

387 1214 506 1265 geniis
524 1211 602 1250 aliis
616 1209 762 1248 laudem
783 1209 906 1246 saltem
922 1221 968 1246 ex
987 1220 1128 1251 eorum,
1158 1219 1236 1257 quae
1255 1206 1515 1258 pertrac'tass‘et,
1543 1219 1698 1244 exorna-

388 1273 488 1312 tione
509 1282 544 1308 et
563 1268 804 1321 expolitione.

440 1334 633 1370 Homericus
652 1329 769 1379 clipeus
787 1327 884 1366 haud
899 1325 1010 1363 dubie
1023 1324 1102 1376 plus
1120 1325 1280 1362 habebat
1294 1323 1472 1368 veritatis,
1500 1322 1696 1374 majorem-

389 1406 461 1444 que
477 1389 636 1430 faciebat
653 1387 790 1438 operis,
819 1397 892 1423 tam
911 1386 1049 1422 affabre
1063 1384 1163 1427 faeti,
1192 1395 1232 1422 ut
1250 1383 1312 1422 dei
1331 1397 1458 1421 manus
1487 1384 1698 1431 haberetur,
1718 1423 1721 1426 ,

390 1453 638 1493 mirationem,
666 1448 764 1500 quod
790 1447 835 1485 ad
861 1447 946 1484 vitae
966 1447 1089 1498 priscae
1107 1460 1263 1489 morem,
1290 1446 1443 1488 sensum,
1470 1446 1697 1497 opinionem,

388 1527 501 1565 quam
517 1521 635 1550 totum
651 1509 726 1558 ejus
742 1522 831 1559 opus
851 1507 976 1558 spirat,
996 1507 1073 1544 haec
1088 1516 1193 1544 erant
1208 1516 1367 1544 narrata.
1425 1507 1700 1551 phantasmata,

391 1587 471 1624 quae
489 1571 677 1611 oculorum
705 1568 888 1618 animique
925 1566 1037 1604 sensui
1071 1566 1216 1615 objicit,
1243 1568 1407 1615 ἐνάργειαν
1425 1566 1561 1604 habent
1580 1568 1699 1606 maxi-

391 1647 516 1677 mam;
544 1632 622 1669 sunt
638 1629 807 1682 grandia,
835 1628 1002 1678 pulchra,
1031 1626 1168 1664 suavia.
1223 1628 1356 1676 Itaque
1375 1626 1558 1664 Miltonus
1577 1627 1614 1665 in
1641 1628 1700 1666 di-

393 1695 481 1732 vino
499 1694 582 1731 loco
600 1691 646 1728 de
664 1689 796 1728 Adami
811 1688 887 1726 viso
906 1701 952 1725 ex
971 1684 1063 1725 colle
1083 1685 1244 1724 Paradifi
1270 1686 1335 1724 lib.
1366 1683 1437 1729 XI,
1466 1689 1540 1737 639
1562 1701 1643 1725 eum
1662 1688 1700 1726 in

391 1753 532 1795 multis,
560 1763 671 1803 quam
691 1749 846 1786 nostrum
862 1748 1025 1798 poetam,
1053 1746 1259 1795 exprimere
1281 1746 1425 1784 maluit.
1479 1747 1522 1784 In
1553 1748 1701 1798 Virgilio

393 1825 524 1853 contra
537 1819 721 1862 captatam
742 1808 983 1849 occasionem,
1011 1806 1227 1844 imitationis
1248 1806 1417 1848 studium,
1445 1807 1609 1857 argutias
1636 1821 1700 1845 va-

392 1874 535 1915 rietatis
567 1871 741 1924 agnoscas
761 1869 882 1907 facile.
939 1868 1039 1905 Dum
1060 1879 1176 1906 autem
1196 1867 1282 1906 artis
1308 1878 1343 1905 et
1373 1866 1513 1918 ingenii
1532 1871 1703 1921 expe&a⁴

394 1937 534 1976 tionem
559 1932 616 1970 his
632 1931 716 1981 ipsis
745 1928 848 1969 facit,
877 1928 1016 1966 excutit
1041 1927 1102 1965 ille
1121 1927 1253 1964 animis
1273 1927 1398 1965 nostris
1419 1927 1578 1978 antiquae
1596 1930 1704 1967 hero-

396 2009 457 2033 um
473 1995 573 2036 vitae,
599 1992 637 2029 in
656 2003 729 2041 qua
756 1987 892 2026 versari
911 1986 1071 2024 debebat
1090 1986 1265 2030 narratio,
1295 2001 1435 2024 morem
1454 1988 1702 2039 speciemque,

394 2069 476 2106 quae
494 2065 570 2092 tam
586 2049 786 2101 jucundum
805 2059 966 2084 errorem
986 2046 1024 2084 in
1043 2047 1210 2084 Homero
1228 2046 1375 2095 objicit,
1404 2058 1443 2083 ut
1462 2060 1520 2089 ea,
1549 2061 1631 2098 quae
1647 2048 1701 2085 fa÷

395 2115 518 2154 bulose
531 2112 680 2154 tradita,
709 2117 844 2160 praeter
862 2107 915 2145 rei
941 2117 1108 2145 naturam
1140 2106 1178 2144 in
1205 2106 1282 2158 ipso
1311 2106 1433 2157 clipeo
1448 2118 1609 2152 narrata,
1639 2120 1703 2146 oc-

397 2184 567 2216 currunt,
594 2169 697 2210 credi
713 2180 834 2206 tamen
850 2166 896 2204 ab
912 2166 956 2204 iis
976 2166 1186 2204 hominibus
1224 2175 1260 2203 et
1295 2167 1391 2203 re&e
1417 2165 1519 2203 credi
1551 2165 1704 2215 potuisse

398 2235 630 2273 arbitremur.
685 2227 888 2280 Virgilium
923 2236 1045 2263 autem
1079 2235 1234 2277 apparet
1265 2226 1380 2263 multa
1399 2239 1468 2263 non
1498 2227 1704 2271 credidisse,

398 2308 480 2346 quae
494 2294 582 2331 alios
599 2289 746 2329 credere
761 2286 903 2325 voluit:
945 2297 980 2322 et
999 2287 1069 2323 hoc
1089 2284 1289 2335 voluptatis
1319 2284 1394 2322 vim
1414 2298 1560 2322 omnem
1580 2285 1704 2323 immi-

397 2355 490 2394 nuit.
544 2351 700 2390 Utinam
718 2348 843 2386 saltem
863 2344 1073 2396 graviorem
1089 2355 1125 2381 et
1138 2343 1420 2394 probabiliorem
1442 2345 1580 2394 cmffzm
1601 2359 1705 2396 repe-

400 2416 511 2458 risset,
537 2426 602 2450 cur
631 2411 763 2449 AEneae
788 2406 927 2457 clipeus
963 2405 1090 2443 divina
1122 2414 1202 2441 arte
1229 2403 1343 2441 factus
1372 2403 1579 2441 afferendus
1600 2404 1704 2443 erat!

400 2472 556 2513 Achillis
571 2470 709 2521 clipeus
726 2466 893 2504 Patroclo
911 2462 1064 2515 spoliato
1078 2463 1115 2501 in
1131 2462 1300 2501 Heaoris
1313 2463 1527 2513 potestatem
1541 2473 1707 2502 venerat.

401 2535 542 2573 Eodem
560 2532 622 2569 ille
641 2542 729 2568 mox
743 2528 855 2564 teE'tus
872 2524 912 2562 in
930 2538 1055 2576 pugna
1083 2523 1240 2562 muneris
1261 2523 1503 2575 praestantiam
1519 2536 1707 2563 commen-

401 2596 464 2633 dat
485 2609 494 2632 ε
539 2591 648 2631 Iliad.
666 2609 698 2632 υ,
728 2587 804 2636 264
822 2586 876 2636 sq.
931 2586 976 2623 In
1005 2587 1127 2623 AEneae
1148 2585 1284 2621 strenue
1314 2583 1417 2621 factis
1441 2583 1552 2633 clipei
1576 2582 1707 2636 praeci-

400 2670 492 2709 puus
514 2653 592 2692 usus
612 2649 771 2689 occurrit
789 2647 824 2685 in
845 2659 970 2697 pugna
989 2659 1072 2684 cum
1090 2645 1221 2682 Turno
1239 2643 1303 2682 lib.
1333 2643 1427 2686 XII,
1453 2657 1542 2694 739.
1599 2645 1707 2682 Defi.

401 2716 531 2754 derare
562 2713 651 2750 licet
679 2708 760 2761 pari
791 2706 903 2745 modo
937 2706 1150 2758 graviorem
1178 2704 1332 2743 caussam
1351 2702 1462 2755 clipei
1481 2703 1527 2741 ab
1545 2703 1708 2742 Hefiodo

403 2784 479 2814 tam
498 2772 643 2825 copiose
662 2766 849 2820 descripti.

1551 2820 1711 2860 Inferior
