1847 3313
338 263 436 315 720
673 246 1179 301 EXCURSUS
1232 250 1312 302 111

494 398 532 424 a.
553 384 601 423 C.
620 385 673 422 N.
707 396 720 422 ι
734 397 818 435 173.
977 395 1013 421 a.
1040 383 1222 424 adventus
1241 385 1278 424 in
1296 387 1444 429 Italiam
1462 383 1502 431 6.

337 447 465 486 Rutuli
499 446 702 489 rebellant3
746 442 873 496 jungit
903 456 1009 482 arma
1042 443 1277 491 Mezentius,
1314 450 1551 491 Etruscorum
1577 454 1660 491 τέκ’.

335 509 449 546 Fausto
480 507 566 557 pre
561 518 609 543 10
637 505 776 543 AEneas
806 505 1036 555 interceptus
1066 506 1242 557 nusquam
1263 507 1400 548 deinde
1431 513 1659 564 comparuit.-

334 567 508 606 Succedit
535 565 574 604 in
601 578 718 617 regno
746 559 969 603 Latinorum
991 566 1196 605 Ascanius:
1224 559 1413 610 obsidetur
1431 573 1658 613 Lavinium0'

330 640 420 667 mox
451 640 578 678 pugna
603 627 699 664 faeta
732 626 948 664 M<zentius
972 626 1200 665 obfidionem
1230 628 1353 668 solvit.
1405 633 1468 673 Ita
1495 634 1659 686 Dionyss

335 690 372 733 1,
391 689 456 738 64.
477 688 541 740 65.
571 687 684 725 Conf.
706 687 796 726 Liv.
816 687 849 731 1,
871 701 908 726 2.
937 686 1069 727 Vfflor
1089 689 1139 726 O.
1161 689 1214 727 G.
1235 690 1286 727 R.
1321 699 1382 741 14.

483 761 518 786 a.
541 748 590 786 C.
612 747 665 785 N.
691 750 802 797 1148.
959 758 993 785 a.
1012 748 1192 788 adventus
1207 749 1243 787 in
1263 744 1417 789 Italiam
1436 765 1500 802 30.

334 802 423 848 Hoc
449 822 547 847 anno
575 822 622 847 ex
640 807 855 858 virgiliana
880 807 1140 859 supputatione
1165 811 1266 850 Alba
1298 813 1436 864 Longa
1459 813 1662 854 eonditurt

332 870 382 907 ad
402 869 592 907 veriorem
610 879 732 906 tamen
754 868 936 906 rationem
956 875 1091 920 quarto
1115 880 1201 909 ante
1220 873 1320 910 hunc
1338 885 1436 911 anno
1465 875 1502 910 zi.
1532 877 1582 915 C.
1603 877 1660 915 Ν.

337 941 435 982 1152
465 934 555 981 trig
550 931 628 971 limo
660 930 738 979 post
767 929 971 967 Lavinium
1000 930 1209 988 conditum,
1239 942 1294 976 ut,
1324 934 1349 971 fi
1369 933 1465 972 bene
1484 937 1657 982 memini,

330 1001 461 1027 omnes
481 989 676 1040 scriptores
696 998 840 1041 tempus
860 989 1005 1028 finiunt.
1047 983 1095 1029 cf.
1127 991 1291 1030 Cerdam
1311 992 1358 1030 ad
1377 994 1467 1032 AEn.
1497 993 1534 1037 I,
1563 997 1657 1049 269.

329 1047 463 1089 vifior
483 1052 533 1089 O.
551 1050 604 1087 G.
625 1051 675 1088 R.
714 1064 774 1100 17.
832 1050 893 1088 Sic
911 1064 1060 1102 quoque
1078 1051 1214 1090 diserte
1228 1051 1416 1104 Virgilius
1435 1052 1504 1091 lib.
1530 1053 1654 1101 VIII,

330 1123 383 1164 47
410 1112 564 1150 inventa
584 1111 701 1149 statim
729 1111 792 1149 sub
821 1111 1064 1160 escenfionem
1086 1113 1146 1152 sue
1175 1112 1284 1151 alba:
1331 1115 1389 1151 Ex
1408 1127 1469 1166 quo
1487 1124 1542 1153 ter
1559 1116 1657 1156 denis

329 1172 448 1211 urbem
475 1170 690 1211 redeuntibus
719 1174 820 1209 annis
849 1172 1015 1220 Ascanius
1033 1173 1125 1211 clari
1155 1175 1269 1211 condet
1288 1177 1489 1223 cognominis
1513 1171 1656 1215 Albam.

332 1227 459 1271 Paullo
479 1233 666 1271 obscurius
685 1232 785 1269 idem
808 1231 956 1283 Jupiter
971 1232 1017 1270 ad
1038 1234 1225 1272 Venerem
1245 1233 1468 1272 vaticinatus
1488 1242 1568 1271 erat
1584 1232 1652 1274 lib.

330 1287 366 1337 I,
396 1294 469 1345 267
500 1295 552 1332 At
578 1303 664 1344 puer
684 1293 848 1343 Ascanius
865 1293 1099 1344 -Triginta
1128 1308 1266 1346 magnos
1295 1292 1482 1332 vol-vendis
1497 1292 1659 1345 menfibus

328 1356 423 1393 orbes
448 1356 594 1406 Imperio
624 1351 789 1403 explebit,
817 1367 1017 1406 regnumque
1032 1354 1079 1394 ab
1096 1356 1179 1405 sede
1204 1354 1345 1392 Lavini
1370 1352 1593 1408 Tranfiret‚
1618 1364 1655 1394 et

330 1416 465 1467 longam
483 1415 590 1454 multa
609 1419 657 1451 vi
672 1419 798 1452 mant'et
818 1414 959 1454 Albam.

384 1479 429 1516 In
455 1476 651 1515 duratione
672 1489 762 1514 vero
782 1476 892 1527 regni
920 1475 1153 1515 Albanorum
1179 1485 1216 1515 et
1242 1475 1443 1515 intervallo
1468 1476 1582 1529 usque
1607 1475 1656 1517 ad

330 1540 493 1578 Romam
512 1537 703 1576 conditam
730 1536 914 1589 Virgilius
934 1551 956 1575 a
972 1550 1062 1575 vera
1075 1536 1230 1576 historiae
1260 1537 1404 1576 ratione
1421 1547 1462 1576 et
1486 1537 1654 1577 omnium

329 1601 555 1651 scriptorum
576 1598 646 1636 fide
666 1597 822 1641 recedit,
843 1598 869 1637 fi
888 1612 1016 1642 unum,
1035 1611 1148 1649 quem
1166 1597 1318 1649 quidem
1339 1598 1442 1642 novi,
1471 1598 1653 1650 Justirmm'

328 1658 395 1697 lib.
420 1660 571 1701 XLIII,
603 1673 616 1696 1
641 1657 832 1709 excipias:
861 1658 959 1708 apud
972 1673 1082 1710 quem
1099 1660 1235 1711 Longa
1250 1653 1476 1712 Alba—quae
1494 1663 1654 1699 trecentis

329 1724 431 1757 annis
448 1730 550 1770 caput
568 1723 667 1768 regni
684 1722 798 1768 fuit:
835 1717 896 1756 Sic
928 1728 1053 1757 autem
1080 1714 1263 1770 Virgilius
1294 1731 1445 1770 quoque
1471 1719 1511 1758 in
1537 1720 1653 1760 nobili

332 1782 439 1818 versu
474 1780 542 1818 lib.
574 1779 607 1823 I,
649 1789 722 1829 272
754 1780 824 1816 Hic
848 1782 932 1831 jam
967 1791 1149 1818 tercentum
1183 1788 1268 1818 totos
1303 1780 1509 1831 regnabitur
1538 1798 1656 1822 annos.-

331 1841 539 1879 Enimvero
559 1852 630 1877 non
652 1839 761 1876 CCC
781 1836 839 1876 sed
860 1839 1007 1878 CCCC
1035 1853 1149 1878 annos
1166 1839 1264 1878 inter
1283 1839 1420 1878 Albam
1439 1852 1476 1879 et
1493 1841 1654 1882 Romam

327 1902 521 1940 conditam
551 1896 782 1938 interceffiffe
809 1900 951 1939 summo
968 1900 1141 1939 consensu
1169 1901 1365 1952 scriptores
1389 1902 1554 1943 tradunt.
1608 1906 1653 1945 In

327 1964 495 2015 postumo
512 1961 640 1998 libello
663 1961 724 2011 Jo.
753 1961 944 2017 Mertynh
976 1961 1219 2012 Dgffl’rtations
1237 1964 1313 1998 and
1332 1962 1473 2000 critical
1485 1965 1655 2003 Remarks

326 2035 411 2074 :xpm
442 2023 499 2060 the
529 2022 680 2059 AEneid.
710 2019 834 2058 Lond.
868 2028 981 2072 177‘0.
1013 2024 1051 2065 8,
1079 2022 1128 2059 est
1155 2021 1248 2060 Diff.
1286 2021 1343 2060 VI
1363 2021 1472 2073 super
1493 2025 1652 2065 Albanis

328 2083 516 2135 Regibus.
574 2079 647 2118 Sed
674 2094 805 2130 parum
836 2080 922 2118 inde
946 2081 994 2119 ad
1026 2092 1105 2119 rem
1124 2083 1283 2120 nostram
1313 2083 1499 2134 proficias.
1555 2087 1652 2126 Fide

326 2143 454 2193 aliqua
474 2152 592 2185 certa,
620 2154 665 2178 ex
683 2140 866 2190 majorum
884 2141 984 2179 fama
1002 2149 1172 2192 accepta,
1199 2142 1379 2181 traditum
1404 2143 1478 2182 hoc
1505 2145 1570 2184 vix
1593 2160 1652 2185 ar<-

327 2203 448 2241 bitror
462 2217 471 2240 ε
496 2215 627 2239 verum
642 2210 876 2251 computum,
893 2201 1068 2253 suspicor,
1083 2202 1126 2247 ii,
1142 2202 1206 2253 qui
1219 2213 1394 2242 accurate
1407 2204 1453 2242 ad
1468 2218 1650 2246 annorum

326 2273 501 2302 numeros
521 2262 696 2313 digerere
715 2262 934 2313 inceperant
952 2277 1009 2301 res
1036 2262 1171 2313 priscas
1196 2274 1378 2308 narratas,
1418 2264 1649 2307 instituerant

325 2324 375 2361 ad
405 2323 590 2361 rationem
618 2317 807 2360 intervalli
836 2322 933 2360 inter
952 2323 1112 2372 Trojam
1128 2324 1320 2363 conditam
1333 2334 1371 2363 et
1387 2327 1519 2364 Romae
1538 2341 1647 2367 exor-

324 2384 413 2422 dia:
458 2383 573 2434 quod,
610 2382 676 2420 etsi
706 2383 753 2421 ab
783 2383 935 2421 diverfis
960 2383 1214 2435 scriptoribus,
1245 2398 1313 2434 pro
1334 2386 1477 2425 caeteris
1496 2388 1646 2439 quidem·

325 2444 496 2494 epochis,
526 2443 696 2495 inprimis
728 2444 855 2493 Trojae
879 2452 1013 2495 captae,
1041 2443 1144 2496 varie
1162 2444 1380 2489 constitutis,
1400 2446 1647 2486 diversimode

323 2506 559 2543 constitutum
581 2504 653 2554 (ita
672 2514 711 2541 ut
729 2517 767 2540 v.
783 2517 819 2542 c.
839 2504 883 2547 ii,
902 2504 983 2555 qui,
1011 2504 1270 2542 Herodoteum
1286 2506 1469 2544 calculum
1488 2507 1648 2559 sequutifi

326 2566 456 2614 Trojae
475 2565 663 2603 excidium
680 2565 847 2603 centenis
869 2565 973 2603 annis
993 2565 1171 2604 maturius
1192 2566 1348 2605 evenifl‘e
1367 2568 1509 2612 volunt,
1528 2569 1646 2608 intera

326 2628 465 2665 vallum
487 2627 584 2664 inter
602 2626 691 2664 illud
708 2636 744 2663 et
763 2627 891 2665 Romae
907 2627 1061 2679 exordia
1082 2628 1177 2665 ultra
1191 2627 1415 2680 quingentos
1430 2643 1543 2668 annos
1555 2644 1646 2682 pro-2

323 2688 504 2735 ducant),
534 2687 581 2724 ad
602 2686 747 2724 CCCC
776 2696 900 2725 tamen
921 2700 1034 2725 annos
1051 2700 1072 2725 a
1091 2687 1270 2739 plerisque
1290 2688 1522 2737 producitur.
1578 2690 1645 2728 Se*

322 2748 488 2786 cundum
519 2747 673 2786 tutiores
707 2747 857 2798 quidem
885 2747 1044 2785 calculos
1073 2760 1150 2798 430
1184 2748 1250 2797 (ad
1269 2749 1400 2792 Varr„
1427 2759 1463 2787 et
1491 2763 1565 2801 43²
1596 2751 1643 2789 ad

322 2809 460 2848 Caton.
492 2810 622 2858 aeram)
660 2807 765 2846 annis
794 2806 893 2848 finiri
927 2807 1098 2847 videtur:
1126 2808 1293 2848 deduffis
1313 2808 1399 2849 inde
1416 2810 1521 2849 annis
1542 2823 1644 2848 erro·

453 2882 458 2883 ⁷
1561 2883 1643 2910 sum
