1847 3313
443 291 848 348 AENEIDOS,
900 291 1050 338 LIB.
1104 292 1170 338 X.

147 425 277 475 aliquis
294 433 371 462 tum
389 425 532 462 demum
548 424 616 460 rite
633 422 766 473 perspi-

147 478 234 519 ciat,
251 489 361 526 quum
378 476 580 525 argumenti
602 485 765 529 natura-m

148 528 269 578 paullo
301 526 469 564 curiosius
501 526 622 562 animo
654 528 766 561 verla-

149 579 256 622 verit,
289 591 437 628 quaeque
472 577 546 627 ipse
580 577 682 613 aliter
713 576 766 611 vel

149 630 275 666 melius
294 629 332 665 in
349 642 392 665 eo
421 629 607 665 traciando
637 627 766 664 consti-

148 681 202 717 tui
221 681 312 730 posse
330 689 429 730 putet
447 679 670 726 expenderit.
709 678 768 713 In-

149 742 202 769 ter
220 745 275 774 ea,
294 745 373 781 quae
387 731 570 781 ingeniose
583 739 618 766 et
634 729 767 767 callide

147 783 292 820 inventa
311 784 405 826 sunt,
425 783 541 832 primo
569 782 651 818 loco
675 781 765 817 emi-

147 845 206 876 net
225 834 307 876 hoc,
338 835 435 883 quod
463 832 666 882 praeliorum
688 844 766 868 nar-

148 885 242 922 ratio
280 886 413 921 variata
447 885 493 920 est
529 896 590 933 per
629 883 765 919 diversa

149 949 300 986 genera;
346 936 514 971 habemus
557 934 625 971 hoc
671 934 766 971 libro

147 987 296 1024 navium
326 986 527 1036 appulsum,
559 984 766 1022 descensum

148 1039 187 1075 in
213 1039 311 1075 littus
330 1048 363 1074 et
384 1037 575 1087 pedestrem
592 1050 766 1087 pugnam,

146 1091 187 1127 in
205 1089 273 1127 lib.
295 1089 353 1125 XI
381 1088 587 1138 equestrem,
616 1089 652 1124 in
687 1088 766 1124 XII

146 1154 302 1191 pugnam
319 1139 588 1181 tumultuariam
602 1149 677 1175 tum
692 1152 766 1175 cer·

145 1203 265 1229 tamen
297 1191 482 1240 singulare.
550 1190 678 1234 Porro,
723 1203 766 1227 ne

144 1243 294 1280 taedium
312 1241 443 1278 faceret
457 1241 664 1286 continuata
678 1255 765 1292 prre-

145 1295 278 1332 liorum
334 1293 506 1338 narratio,
559 1293 766 1344 interposita

145 1346 227 1383 sunt
252 1346 369 1396 plura,
386 1345 494 1381 etiarn
513 1345 559 1381 de
577 1357 663 1395 pace
681 1357 767 1381 con-

145 1397 237 1440 filia,
281 1407 356 1432 turn
395 1396 589 1438 orationes,
636 1409 766 1445 magno

146 1461 229 1485 cum
249 1447 413 1484 acumine
435 1448 549 1490 factae,
569 1447 766 1489 interdum,

146 1511 186 1536 ut
229 1499 396 1550 equidem
442 1498 609 1541 censebo,
655 1498 766 1534 nimia

146 1564 229 1588 cum
265 1559 353 1587 arte.
414 1549 515 1586 Hinc
552 1550 645 1599 apud
683 1550 764 1585 Ma-

146 1603 247 1639 crob.
270 1601 326 1637 IV
347 1611 417 1637 tam
436 1602 549 1638 multa
577 1601 622 1637 de
650 1601 766 1637 rheto-

147 1653 220 1690 rica
266 1652 474 1703 Virgiliana
511 1662 764 1689 tremorantura

147 1704 331 1755 Tragicos
349 1714 465 1740 tamen
477 1704 604 1747 noster,
622 1702 766 1753 Euripi-

146 1757 229 1794 dem
258 1755 437 1804 inprimis,
467 1763 548 1790 ante
567 1756 688 1791 oculos
707 1755 768 1790 ba-

147 1807 244 1851 buit,
276 1817 314 1843 ut
336 1806 411 1855 jam
446 1805 568 1841 monui
604 1806 764 1855 Disquis.

145 1858 179 1903 I,
199 1872 280 1909 pag.
302 1857 480 1901 XXXV,
496 1857 556 1893 To
573 1856 623 1894 ΙΙ.
669 1857 768 1894 Inter

147 1911 226 1947 illas
262 1919 351 1946 artes
386 1918 422 1945 et
463 1908 609 1945 inventa
653 1912 767 1958 po‘etae

146 1961 372 1998 referendum
405 1968 440 1995 et
471 1960 540 1996 hoc
571 1960 632 2003 est,
667 1960 764 2009 quod

144 2012 214 2049 hoc
250 2012 345 2048 libro
375 2011 549 2054 Arcades,
583 2011 679 2055 libro
712 2011 764 2048 XI

145 2062 309 2105 Etrusci,
326 2071 361 2099 et
382 2061 461 2098 XII
480 2061 630 2111 Trojani
660 2076 764 2100 max-

146 2116 220 2152 ime
262 2114 406 2151 virtutis
451 2112 520 2150 suae
569 2113 764 2163 specimina

147 2166 280 2210 edunt3
324 2178 403 2215 quze
446 2175 482 2201 et
513 2164 588 2213 ipsa
626 2178 675 2202 res
718 2166 763 2202 ad

146 2217 352 2254 varietatem
372 2214 472 2252 facit.
526 2215 568 2252 In
599 2215 673 2266 ipsa
702 2229 762 2253 au-

146 2279 219 2313 tern
263 2280 462 2319 pugnarum
509 2280 765 2304 commemora-

147 2320 247 2356 tione
261 2318 534 2360 difficultatibus
545 2317 763 2368 itnplicitum

147 2371 182 2408 se
217 2371 345 2408 sentire
379 2369 504 2406 debuit
542 2382 612 2406 non
644 2371 766 2420 paucis

146 2436 212 2459 nec
244 2422 404 2460 levibus:
449 2420 614 2470 inprimis
653 2422 766 2471 quod,

145 2487 292 2524 quoquo
311 2473 344 2509 se
368 2481 535 2513 verteret,
555 2472 592 2508 in
616 2485 656 2508 ea
676 2472 763 2510 sem-

147 2538 210 2582 per
227 2523 424 2568 incidebat,
441 2536 519 2572 quae
538 2523 582 2560 ab
600 2523 764 2562 Homero

143 2590 220 2625 Jam
237 2587 340 2612 erant
357 2576 526 2618 trastata3
560 2574 633 2612 haec
653 2575 766 2625 igitur

149 2638 188 2663 ut
207 2626 374 2670 variaret,
404 2636 572 2670 mutaret,
607 2625 678 2662 alia
711 2640 765 2663 ra-

150 2678 248 2714 tione
300 2690 366 2714 nec
414 2678 530 2714 minus
573 2680 765 2716 commode

149 2729 329 2771 tractaret,
357 2738 528 2778 perpetuo
550 2733 669 2778 poetae
696 2730 765 2766 fuit

148 2779 430 2828 allaborandum3
504 2779 605 2817 Facit
649 2791 766 2818 autem

150 2831 297 2879 taedium
340 2830 446 2870 serius
497 2845 607 2882 ocyus
652 2833 769 2880 omnis

1357 309 1450 360 379

831 422 1005 466 imitatio,
1040 436 1120 472 quae
1150 437 1231 461 curn
1264 424 1381 463 studio
1408 439 1451 463 ae

831 473 1060 510 contentione
1089 475 1252 512 variandi
1284 489 1336 522 ea,
1372 492 1453 527 quae

828 526 904 574 jam
944 525 989 562 ab
1023 525 1094 562 alio
1131 533 1264 576 proprie
1294 529 1453 577 exposita

832 585 947 619 erant,
983 578 1172 625 conjuncta
1205 579 1264 616 est.
1328 580 1453 630 Atque

832 628 903 663 hoc
936 627 1027 664 illud
1057 629 1117 672 est,
1149 630 1247 678 quod
1267 632 1454 680 reprehen-

831 678 919 715 fioni
956 683 1072 728 poetae
1115 678 1295 717 interdum
1331 683 1455 720 locum

831 730 946 766 facere
975 730 1113 780 potest:
1157 733 1219 768 etfi
1252 734 1364 770 caussa
1400 735 1454 773 rei

830 793 954 829 parum
994 780 1238 818 animadversa
1285 783 1344 825 iis,
1388 785 1453 835 qui

830 831 926 880 quod
944 832 1273 882 reprehendendum
1285 836 1382 880 esset,
1398 837 1453 874 vi-

830 881 977 926 debant,
1014 896 1083 932 qua
1114 885 1159 921 de
1190 886 1302 927 eauffa
1336 900 1453 937 repre-

830 933 1030 970 henfionern
1050 934 1209 978 haberet,
1238 937 1355 973 minus
1372 952 1453 988 per-

830 983 1014 1021 videbant.
1070 986 1149 1027 Nec
1171 997 1304 1031 tamen,
1335 989 1451 1039 inpri-

831 1035 898 1071 mis
927 1049 1009 1073 cum
1027 1037 1100 1086 ejus
1118 1038 1270 1075 leftione
1289 1040 1452 1080 animum

830 1086 1009 1124 imbutum
1046 1089 1206 1133 haberet,
1242 1090 1283 1131 in
1310 1091 1451 1132 diversa

830 1138 875 1174 ab
906 1138 1069 1177 Homero
1099 1141 1213 1185 abire,
1249 1153 1310 1179 aut
1341 1143 1450 1181 aliam

831 1189 932 1226 viam
946 1191 1009 1226 sibi
1030 1192 1241 1242 patefacere,
1267 1204 1328 1230 aut
1347 1194 1451 1237 aliter

831 1254 882 1277 res
902 1242 1039 1279 tradere
1059 1253 1212 1293 poterat,
1231 1244 1293 1281 nifi
1313 1258 1332 1281 a
1355 1245 1449 1283 veri-

831 1301 902 1329 tate
935 1304 1067 1330 naturae
1103 1297 1266 1333 recedere
1294 1297 1450 1335 volebat.

831 1343 942 1397 Qod
961 1344 1074 1394 igitur
1089 1347 1133 1382 ab
1152 1347 1297 1384 homine
1316 1348 1450 1386 sollerti

829 1406 864 1432 et
903 1397 1067 1445 prudenti
1105 1397 1182 1435 fieri
1218 1409 1372 1449 poterat,
1408 1401 1448 1437 id

831 1446 916 1484 fecit
944 1449 1064 1496 poeta,
1102 1459 1140 1485 ut
1171 1464 1214 1486 ex
1246 1452 1449 1500 argumenti

830 1508 955 1534 natura
974 1513 1110 1550 pugnas
1130 1501 1395 1551 persequeretur
1412 1512 1450 1540 et

829 1549 992 1587 locorum
1027 1560 1062 1587 et
1093 1552 1281 1590 hominum
1315 1566 1450 1599 natura:

830 1601 1097 1646 convenienter,
1111 1617 1174 1640 nec
1185 1614 1302 1642 tamen
1317 1606 1386 1642 sine
1395 1619 1450 1643 re-

832 1651 946 1701 spectu
968 1655 1208 1703 popularium,
1226 1656 1355 1705 quibus
1374 1658 1449 1707 pla-

832 1716 910 1740 cere
943 1717 1087 1741 carmen
1133 1707 1289 1751 volebat,
1330 1709 1448 1747 varios

832 1755 1035 1803 praeliorum
1081 1757 1176 1794 casus
1229 1772 1446 1809 exponeret:

833 1817 955 1855 utque,
983 1808 1122 1855 quoties
1142 1809 1179 1846 in
1199 1823 1237 1845 ea
1258 1811 1449 1856 incideret,

830 1871 910 1907 quae
929 1858 973 1894 ab
992 1860 1154 1896 Homero
1181 1873 1221 1898 ea
1241 1874 1322 1899 cum
1342 1864 1448 1913 copia

829 1909 935 1946 effent
976 1911 1121 1953 tradita,
1159 1922 1197 1948 ut
1230 1913 1447 1952 deterrerent

828 1972 965 2004 omnes,
984 1962 1046 2011 qui
1065 1964 1187 2000 eadem
1207 1965 1357 2015 aggredi
1375 1966 1449 2002 vel-

829 2012 915 2057 lent,
943 2026 984 2050 ea
1011 2013 1194 2051 omitteret
1213 2027 1272 2058 aut
1291 2016 1448 2055 brevitet

828 2064 1044 2115 attingeret,
1072 2065 1121 2101 fin
1140 2066 1225 2103 talia
1254 2068 1373 2111 client,
1393 2079 1447 2114 ut,

829 2128 901 2163 quo
944 2116 1017 2166 ipse
1060 2116 1262 2157 Maeonium
1300 2124 1448 2169 poetam

828 2165 1029 2216 superabat,
1070 2178 1236 2206 ornatum
1280 2171 1448 2209 admitte-

829 2228 921 2261 rent,
949 2232 989 2255 ea
1007 2230 1042 2256 et
1067 2219 1129 2256 situ
1150 2231 1185 2257 et
1213 2221 1387 2270 adjuncffis
1410 2233 1447 2260 et

828 2268 906 2305 aliis
941 2271 1043 2308 rebus
1074 2271 1211 2308 variata
1244 2284 1385 2311 ornaret
1411 2283 1447 2312 et

828 2321 1075 2371 amplificaret,
1095 2334 1155 2360 aut
1172 2324 1287 2368 cultu,
1305 2327 1448 2375 elegan-

828 2371 894 2416 tia,
913 2386 952 2409 ac
973 2374 1142 2411 suavitate
1161 2375 1447 2425 phantasmatum

828 2432 863 2459 et
883 2425 1072 2462 verborum
1109 2426 1300 2476 expoliret.
1357 2429 1449 2465 Haec

829 2476 975 2525 quidem
994 2477 1115 2514 animo
1134 2488 1250 2514 tenere
1269 2478 1374 2515 debet
1400 2480 1446 2524 is,

829 2527 893 2576 qui
911 2528 955 2563 de
974 2527 1027 2564 his
1057 2529 1158 2565 libris
1181 2529 1361 2577 judicium
1390 2531 1447 2568 fa-

829 2591 905 2614 cere
935 2578 999 2615 fibi
1033 2579 1152 2618 sumit.
1207 2580 1358 2617 Utvero
1377 2582 1449 2620 ali-

829 2630 908 2679 quis
937 2643 1018 2667 cum
1045 2631 1195 2678 Guyero
1225 2642 1293 2668 tres
1319 2633 1449 2681 postre-

830 2695 906 2717 mos
931 2681 1043 2718 libros
1063 2682 1225 2732 Virgilio
1247 2683 1448 2731 abjudicet,

829 2732 1024 2781 graviores,
1060 2748 1165 2783 quam
1194 2747 1279 2782 quas
1308 2734 1379 2785 ipse
1405 2738 1446 2775 in

829 2793 971 2832 promtu
1008 2785 1148 2828 habuit,
1183 2785 1304 2823 afferre
1339 2787 1448 2824 debet

831 2836 974 2876 causta-s,

1286 2901 1319 2929 ι.
1349 2888 1451 2940 Dura
