1847 3313
375 317 468 372 332
568 298 621 344 P.
678 290 1066 343 VIRGILII
1119 285 1516 336 MARONIS

376 421 600 477 Produxi,
634 417 827 482 pressive
850 415 1028 470 oculos,
1061 424 1142 459 aut
1165 412 1357 458 vulnera
1381 408 1492 465 lavi,

380 514 514 560 Veste
532 524 691 575 tegens
711 534 723 565 ;
758 510 846 556 tibi
869 524 1013 572 quam
1035 506 1191 552 noeles
1216 504 1378 550 festina
1400 499 1591 562 diesque

378 602 679 666 Urguebam‚
714 612 760 646 et
784 599 876 646 tela
896 613 1026 644 curas
1051 595 1232 642 solabar
1256 594 1414 641 anilis·r

380 694 492 758 Qo
535 693 698 755 sequar
734 691 751 737 ?
808 703 887 737 aut
931 705 1038 752 quae
1081 703 1207 737 nunc
1250 698 1392 746 πως,
1442 681 1690 745 avolsaque

1596 787 1692 835 499

382 897 469 938 quod
490 908 547 928 nec
569 897 656 928 vocis
671 894 853 937 exemplum
869 901 966 931 extat,
988 892 1043 924 nis1
1061 904 1098 923 ex
1121 891 1259 922 lcffione
1281 888 1345 931 Jos.
1372 884 1523 928 Scaligeri
1540 883 1572 915 in
1596 880 1692 912 Ennii

382 949 583 992 epitaphium
600 949 702 980 illata:
727 959 773 979 nec
788 947 901 990 funcra
917 947 1135 988 fletumfuxit.
1181 941 1349 984 Displicuit
1368 939 1516 971 Serviana
1529 936 1611 967 ratio
1624 935 1693 976 jam

384 1000 473 1043 Julio
487 1000 614 1036 Sabino,
639 999 694 1040 qui
710 998 749 1029 sic
762 997 894 1038 accipit:
918 1000 937 1015 “
958 1007 1018 1037 ego
1037 1003 1091 1025 tua
1108 1002 1210 1025 mater
1225 991 1334 1034 peperi
1345 999 1376 1021 te
1389 1001 1452 1021 non
1469 988 1508 1019 ad
1523 987 1646 1022 funera,
1660 983 1694 1014 id

385 1056 407 1071 “
425 1051 481 1088 est,
496 1059 531 1082 ut
548 1051 613 1092 ipsa
627 1050 685 1080 tibi
703 1049 840 1079 facerem
857 1047 961 1078 funus.
974 1046 995 1058 ”
1034 1045 1199 1077 Substituit
1213 1044 1311 1085 igitur
1326 1042 1390 1078 ille,
1408 1040 1493 1082 quod
1504 1038 1557 1069 alii
1567 1046 1693 1078 quoque

385 1104 522 1135 faciunt:
564 1115 610 1133 nec
642 1111 668 1131 te
690 1100 729 1131 ad
753 1109 803 1130 tua
820 1099 868 1141 f„
889 1098 940 1128 sed
968 1097 1027 1128 hoc
1052 1096 1239 1139 plumbeum
1265 1094 1330 1132 est3
1356 1100 1423 1130 aut,
1445 1091 1530 1132 quod
1558 1086 1695 1118 Pseudo-

385 1154 507 1186 Donati
524 1151 782 1194 interpretationi
799 1149 966 1191 praefixum
978 1149 1091 1179 video:
1116 1160 1162 1179 nec
1179 1156 1205 1178 tc
1228 1146 1260 1176 in
1283 1146 1389 1188 tuuf,
1410 1151 1443 1174 at
1463 1142 1495 1172 in
1515 1140 1580 1182 ipsa
1595 1139 1695 1170 inter-

385 1206 565 1251 pretatione
583 1204 675 1235 alitci·
691 1209 837 1242 acceptus
852 1200 938 1231 locus
954 1215 960 1229 ι
988 1204 1007 1218 “
1027 1201 1086 1230 Hic
1107 1208 1246 1240 quoque,
1269 1195 1385 1237 inquit,
1410 1193 1496 1224 aliud
1512 1192 1615 1222 fuerat
1628 1190 1694 1220 dic-

387 1267 472 1296 tura,
484 1257 569 1288 aliud
584 1254 727 1297 subjecit,
742 1252 879 1284 dolentis
889 1262 989 1282 more.
1003 1251 1024 1263 ”
1060 1251 1186 1281 Scilicet
1204 1260 1241 1279 ex
1253 1248 1319 1290 ejus
1328 1245 1482 1277 sententia
1493 1242 1694 1274 scribendum

386 1311 449 1342 erit
465 1321 538 1341 curn
554 1309 701 1339 Catroeo:
725 1318 772 1337 nec
787 1313 908 1335 te-—tua
923 1305 1036 1346 funcra
1052 1312 1141 1334 mater
1157 1305 1210 1339 P.‚
1233 1308 1268 1331 ut
1291 1300 1320 1331 se
1341 1298 1441 1340 ipsam
1463 1293 1693 1336 reprehendat:

387 1361 467 1403 quid
491 1360 562 1391 dico
586 1357 642 1390 te?
681 1355 792 1386 saltem
819 1362 875 1389 tua
895 1353 1021 1384 funera:
1047 1352 1134 1393 quod
1161 1362 1201 1382 an
1215 1350 1354 1391 cuipiam
1370 1348 1399 1379 se
1415 1345 1627 1388 probaturum
1644 1342 1695 1379 fit,

386 1413 516 1455 ignom.
564 1408 664 1441 Aliud
679 1417 810 1438 acumen
827 1406 951 1447 sequuti
967 1405 1038 1438 sunt
1050 1405 1114 1436 alii.

387 1462 562 1506 proclivior
578 1460 621 1491 est
637 1459 670 1489 in
686 1457 868 1488 Servianam
883 1457 1052 1487 rationem.
1098 1454 1233 1486 Castalio
1257 1452 1340 1494 apud
1358 1453 1577 1482 Burmannum
1598 1446 1697 1477 verba

386 1514 543 1559 jungebat
553 1512 611 1544 fic:
629 1520 675 1541 nec
688 1519 713 1540 te
722 1519 813 1550 tegens
825 1507 899 1550 veste
910 1506 1168 1550 produxifunera.
1194 1506 1284 1535 Dura
1295 1502 1421 1545 prorsus
1432 1499 1544 1530 oratio.
1569 1499 1695 1528 Locum

391 1566 452 1598 effe
469 1569 655 1605 corruptum
672 1559 777 1590 nullus
795 1559 906 1589 dubito
929 1566 1024 1599 atque
1045 1568 1119 1587 eum
1143 1556 1223 1587 adeo
1244 1555 1327 1585 inter
1345 1564 1382 1584 ea
1409 1551 1468 1582 effe
1492 1549 1696 1581 referendum

391 1617 513 1653 censeo,
527 1615 560 1645 in
577 1622 715 1656 quorum
732 1609 920 1651 corruptelis
935 1619 1045 1640 omnes
1061 1608 1184 1639 codices
1194 1606 1374 1648 conspirant
1389 1594 1532 1644 adeoque
1546 1601 1697 1632 testatum

391 1669 526 1704 faciunt,
545 1667 575 1696 se
599 1664 663 1695 istis
689 1661 967 1704 depravationibus
982 1660 1113 1691 seriores
1129 1658 1189 1690 esse
1210 1669 1329 1689 omneS.
1374 1654 1540 1686 Laudatur
1566 1652 1697 1693 quidem

391 1720 488 1753 leeiio
505 1729 542 1750 ex
558 1717 620 1748 sec.
644 1716 760 1746 Moret.
801 1726 847 1744 nec
870 1715 938 1743 enim
956 1721 1019 1750 tua,
1049 1719 1081 1742 et
1098 1721 1135 1741 ex
1154 1709 1296 1741 Parthas.
1347 1719 1394 1738 nec
1409 1718 1456 1748 ego
1473 1714 1536 1741 tua,
1555 1704 1608 1734 sed
1627 1713 1698 1733 cor-

391 1772 552 1802 ree‘torem
569 1769 601 1799 in
617 1766 666 1797 his
682 1764 831 1807 agnoscas
844 1762 954 1801 facile3
977 1773 1035 1793 nec
1059 1762 1092 1792 in
1109 1751 1179 1792 aliis
1195 1760 1273 1791 loeis
1288 1758 1321 1789 hi
1339 1757 1461 1788 codices
1477 1755 1516 1786 ab
1528 1754 1596 1785 aliis
1611 1764 1698 1785 rece-

392 1824 475 1855 dunt
491 1819 548 1852 nisi
564 1830 602 1850 ex
615 1815 872 1858 interpolatione.
917 1814 978 1844 Sed
1000 1814 1032 1843 in
1045 1819 1175 1855 promtu
1191 1811 1234 1842 est
1251 1809 1312 1841 loci
1326 1807 1518 1843 emendatio,
1535 1816 1617 1847 quae,
1634 1816 1698 1836 una

394 1885 469 1906 cum
485 1869 721 1914 depravationis
737 1866 849 1904 caussa,
871 1877 908 1896 ex
924 1863 1124 1896 antecedenti
1145 1873 1195 1894 tua
1219 1863 1249 1892 in
1267 1860 1374 1892 oculos
1390 1857 1539 1889 incurrit:
1563 1867 1699 1898 eamque

392 1928 460 1969 jam
477 1923 613 1955 ssembus
632 1918 854 1962 proposuerat:
879 1929 925 1948 nec
942 1926 968 1947 te
984 1926 1034 1947 tua
1057 1915 1167 1946 funere
1191 1923 1279 1945 mater
1295 1911 1444 1947 Produxi,
1468 1919 1525 1939 nec
1541 1919 1601 1950 ego
1622 1918 1697 1949 pro-

394 1977 471 2008 duxi
486 1983 518 2006 te
534 1974 657 2005 funere.
703 1969 845 2010 Vulgare
869 1975 952 1998 erat:
978 1968 1104 2002 ducere,
1132 1965 1319 2007 producere,
1345 1960 1461 1997 funus;
1483 1966 1515 1989 et
1540 1957 1700 2000 elegantia

394 2036 472 2061 nota
486 2037 546 2068 pro
563 2035 636 2065 egO,
656 2032 706 2053 tua
727 2029 824 2052 mater.
872 2021 1074 2050 Burmannus
1096 2016 1336 2057 castigationem
1360 2011 1440 2041 hanc
1462 2009 1590 2040 admitti
1613 2010 1700 2051 posse

396 2079 554 2114 concedit,
579 2076 713 2106 flii-§tuat
728 2081 836 2104 tamen
859 2072 998 2102 incertus
1019 2070 1212 2108 tandemque
1235 2071 1355 2097 tentat:
1394 2075 1441 2094 nec
1464 2064 1502 2092 tri
1526 2064 1553 2092 ἱα
1574 2062 1697 2104 funera.

395 2134 606 2164 Heumannus
631 2125 709 2156 olim
734 2123 928 2165 conjecerat:
961 2132 987 2153 te
1010 2129 1041 2152 et
1065 2130 1114 2151 tua
1136 2120 1210 2161 fun.
1253 2118 1342 2147 Laxa
1369 2121 1400 2144 et
1428 2112 1512 2142 fluxa
1537 2112 1699 2144 oratione:

395 2184 502 2216 lorum
519 2181 550 2211 in
567 2179 637 2209 rivo
653 2184 774 2207 naturae
796 2182 896 2217 putes.
942 2173 1072 2204 Merula
1094 2171 1134 2202 ad
1156 2169 1297 2200 Ennium
1316 2178 1346 2209 p.
1372 2164 1426 2204 56,
1459 2164 1515 2205 qui
1541 2164 1699 2196 Servianae

397 2232 518 2274 alioqui
534 2228 651 2261 rationi
674 2226 771 2263 favet,
804 2226 930 2266 insuper
957 2223 1099 2265 legebat:
1134 2221 1267 2257 Ρνοῖακὶ,
1296 2217 1385 2249 nullo
1401 2225 1473 2245 cum
1495 2214 1612 2246 fruetu.

397 2286 475 2325 487.
500 2283 582 2314 oculis
605 2281 667 2311 duo
695 2276 967 2313 Bur1n.—--488.
992 2276 1043 2307 tihi
1067 2274 1140 2317 quod
1170 2274 1267 2302 Rom.
1315 2282 1373 2313 qua
1397 2267 1476 2304 Erf.,
1505 2274 1537 2297 et
1564 2277 1640 2297 mox
1663 2278 1697 2299 v.

397 2336 462 2378 489
487 2334 666 2375 Urguchant.
722 2330 777 2360 tela
805 2328 874 2359 anili
896 2327 975 2358 alter
1003 2324 1137 2358 Mentel.
1229 2331 1303 2363 490.
1334 2321 1436 2365 sequor
1467 2318 1548 2349 alter
1579 2317 1698 2349 Hamb.

397 2397 451 2424 aut
466 2399 519 2430 quo
542 2381 700 2415 Montalb.
726 2388 757 2410 et
769 2378 868 2410 Goth.
885 2386 960 2408 tert.

573 784 804 840 membra,

400 2454 533 2493 matica
545 2449 706 2500 accipere
720 2448 766 2485 fic
779 2446 946 2496 jubet,ut
957 2456 1017 2482 tua
1069 2448 1208 2496 funere.
1266 2440 1327 2478 Ad
1361 2437 1571 2475 sententiam
1600 2435 1701 2473 illus-

387 2512 526 2559 fimera
559 2503 601 2539 sit
630 2500 826 2551 appositum
861 2510 943 2534 voc.
972 2508 1016 2534 te.
1083 2489 1505 2532 trandamlaudatversus
1517 2488 1702 2524 Ennianos

1160 1403 1298 1434 Cerdam
1315 1411 1380 1432 non
1403 1397 1564 1439 assequor:
1590 1395 1645 1426 etfi
1668 1394 1695 1431 is
1739 1415 1744 1418 -

401 2556 550 2595 Scilicet
568 2553 673 2590 funus
702 2549 861 2594 ducitur,
886 2548 1019 2599 produ-

399 2610 512 2651 citur,
531 2606 690 2654 adeoque
707 2613 743 2639 et
760 2614 901 2650 corpus.
940 2599 1018 2636 Fri-

399 2670 461 2712 get
480 2669 599 2696 tamen
614 2657 669 2691 vel
687 2654 732 2691 fic
748 2654 940 2690 locuscum
958 2664 1019 2687 ca-

401 2715 544 2750 davere.
615 2705 808 2743 Probabile
850 2702 1018 2746 fecimus,

401 2763 592 2814 legendum
608 2759 674 2796 effe
690 2762 840 2809 funere3
868 2767 932 2791 nec
951 2767 1019 2804 ego

400 2815 510 2852 funus
545 2820 647 2848 tuum
683 2808 774 2846 duxi
795 2824 805 2852 ;
852 2819 917 2857 pro
950 2805 1018 2842 hoe

401 2865 541 2904 doctius
559 2862 721 2900 dietum:
746 2874 802 2898 nec
817 2870 849 2896 te
877 2858 1024 2909 produxi

1083 2546 1253 2584 Macrob.
1270 2543 1345 2585 VI,
1356 2555 1376 2580 2
1391 2553 1436 2576 ex
1450 2538 1697 2590 Cresphonte:

1085 2600 1196 2649 IVeqne
1205 2608 1328 2633 terram
1343 2595 1486 2644 injicere,
1500 2606 1599 2642 neque
1611 2591 1702 2628 Cru-

1084 2662 1162 2688 enta
1178 2649 1352 2699 convestire
1363 2644 1446 2681 mihi
1453 2653 1584 2692 corpora
1594 2641 1702 2684 licuit,

1084 2705 1154 2740 Nec
1171 2703 1296 2749 miskrae
1311 2697 1429 2734 lavere
1446 2694 1598 2730 lacrmna
1619 2693 1698 2740 sal-

1069 2756 1366 2802 sumsarqguinem.
1394 2745 1471 2782 vid.
1490 2744 1580 2781 Var.
1597 2744 1700 2781 Lest.

1083 2807 1172 2855 488.
1200 2801 1327 2838 Minus
1356 2798 1447 2835 bene
1473 2796 1519 2833 de
1537 2796 1626 2832 veste
1644 2794 1702 2831 fu-

1084 2855 1202 2898 nebri,
1235 2853 1381 2900 ἐντάφιον
1411 2847 1563 2891 dieitur,
1595 2845 1702 2896 cogi-

1623 2906 1701 2934 tant
