1847 3313
368 280 486 333 AD
541 281 914 334 LIBRUM
971 283 1084 333 vn.
1267 299 1357 350 143

46 418 162 456 traxit
188 418 367 457 Valefius.
431 415 490 454 Ita
517 416 653 454 facium
681 416 728 455 ab
756 416 818 461 iis,
851 430 943 468 quos
966 417 1150 470 Virgilius
1176 419 1250 458 alio
1272 420 1360 458 loco

46 477 219 530 sequitur.
280 477 400 521 Nam,
445 477 544 528 quod
580 477 693 515 modo
725 491 810 515 eum
843 478 1002 517 vidimus
1037 479 1167 518 Latini
1196 479 1358 530 majores

45 538 155 576 edere
185 539 366 581 Faunum,
396 537 527 576 Picum
546 547 583 575 et
604 538 802 576 Saturnum
818 548 984 582 atavum,
1011 538 1049 576 id
1069 540 1194 590 paullo
1210 542 1289 591 post
1316 553 1359 578 v.

53 612 123 652 177
152 599 231 650 sqq.
259 598 406 636 deserit.
460 597 506 636 In
527 598 653 637 Latini
670 598 797 650 regia:
833 600 930 649 Qtin
947 603 1050 637 etiam
1067 610 1224 638 veterum
1235 603 1360 651 effigies

47 675 92 698 ex
108 661 222 697 ordine
240 674 388 696 avorum
411 658 634 709 Antiqua·ex
662 661 782 703 cedro3
819 658 988 710 Italusque
1014 669 1183 710 paterque
1212 659 1361 698 Sabinus

23 713 26 716 ,
49 722 229 768 Vitisator,
255 733 402 755 curvam
406 720 561 768 servans
575 717 646 767 sub
672 722 819 769 imagine
836 718 985 770 falcem,
1017 720 1359 770 Saturnzffquest’nex

47 780 204 831 Janique
234 778 396 829 bifrontis
425 782 538 828 imago
568 777 733 828 Vestibula
763 778 962 828 adstabant.
1026 779 1104 817 Hic
1134 781 1280 818 Sabinus
1309 782 1358 820 ad

50 840 221 883 Sabinos,
241 837 305 890 qui
323 838 418 876 inter
436 837 686 876 vetustiffimos
705 851 752 876 ex
768 837 972 876 Ausonibus
991 838 1109 882 fuere,
1144 840 1358 880 referendus

49 901 114 943 est,
142 900 263 951 gentis
290 912 311 936 a
329 898 525 941 nonnullis,
553 908 593 935 ut
611 912 633 935 a
656 898 817 941 Catone,
860 900 987 936 auctor
1009 898 1182 942 habitus;
1211 901 1275 938 etfi
1295 901 1360 940 alii

48 960 163 998 aliter
187 959 233 997 de
247 958 376 1010 populi
390 958 534 1010 origine
557 968 592 995 et
607 958 755 996 nomine
782 958 945 1010 argutati
963 958 1055 997 sunt.
1111 959 1221 998 Silius
1239 963 1359 1007 VIII,

49 1034 127 1071 424
165 1020 290 1058 Sabum
317 1029 440 1057 vocat.
474 1018 525 1056 cf.
564 1019 747 1069 Pompon.
785 1019 872 1057 Sab.
918 1019 964 1056 acl
996 1021 1034 1057 h.
1068 1020 1093 1058 l.
1130 1021 1223 1065 VII,
1268 1027 1356 1073 ¹78·

46 1081 161 1119 Italus
188 1091 312 1118 autem
331 1080 378 1117 ad
397 1079 588 1117 OEnotrios
615 1079 767 1131 speclat,
797 1094 887 1131 quos
908 1080 1095 1118 Ausonum
1117 1081 1217 1119 sedes
1234 1082 1272 1120 in
1291 1097 1358 1121 ex-

47 1151 165 1179 trema
180 1141 288 1179 Italia
302 1141 492 1192 occupasse
517 1150 570 1184 et,
598 1141 697 1192 quod
724 1140 914 1192 probabile
934 1142 998 1184 est,
1025 1154 1111 1179 cum
1127 1141 1256 1180 iisdem
1274 1157 1360 1194 pro-

48 1200 184 1239 miscue
202 1200 392 1244 habitasse,
413 1199 518 1251 supra
532 1200 707 1239 vidimus.
762 1201 939 1252 Namque
958 1201 994 1238 in
1007 1200 1063 1238 his
1080 1201 1172 1239 locis
1195 1202 1356 1253 primum

46 1260 166 1299 Italiae
178 1273 314 1298 nomen
333 1259 500 1298 auditum
519 1261 584 1303 est,
612 1261 685 1299 five
707 1260 753 1298 ab
771 1261 868 1300 Italo
886 1274 974 1312 rege
994 1260 1066 1298 five
1081 1261 1127 1298 ab
1143 1262 1214 1300 alia
1238 1265 1359 1302 caussa

46 1321 209 1359 dunum.
245 1321 298 1358 cf.
331 1320 485 1359 Excurs.
515 1320 613 1359 XXI
641 1321 689 1360 ad
711 1321 779 1359 lib.
808 1323 841 1359 Ι.
896 1321 1033 1358 Italum
1060 1322 1264 1367 OEnotrios,
1293 1325 1359 1375 qui

46 1379 194 1432 disperii
208 1380 426 1418 habitabant
449 1381 627 1430 (νομάδας)
641 1410 651 1425 ,
678 1381 725 1418 ad
745 1381 1008 1432 agriculturam
1028 1380 1230 1427 adduxisse,
1257 1385 1361 1436 leges

48 1440 220 1492 scripsisse
235 1450 286 1484 et,
313 1440 409 1478 inter
423 1440 510 1484 alia,
528 1441 696 1479 sodalitia
713 1441 961 1492 conviviaque
980 1441 1130 1492 publica
1155 1446 1356 1495 (συσσίτικ)

47 1501 95 1539 ad
113 1501 215 1538 suum
233 1500 342 1551 usque
359 1509 503 1552 tempus
522 1501 755 1552 frequentata
773 1501 988 1539 constituisse
1007 1511 1132 1539 narrat
1147 1504 1361 1544 Aristoteles

48 1561 97 1599 de
116 1562 212 1611 Rep.
233 1562 328 1604 VII,
353 1572 413 1604 10,
433 1560 530 1611 quod
544 1561 672 1599 frustra
690 1571 869 1600 conantur
888 1561 934 1599 ad
950 1562 1150 1600 Saturnum
1167 1577 1359 1606 revocare.

44 1619 191 1672 Qidni
209 1619 389 1657 OEnotriis
407 1619 482 1657 suas
498 1620 637 1658 fabulas
654 1621 899 1672 relinquamus
915 1624 927 1658 ?

102 1681 228 1719 Altera
255 1681 470 1731 mythorum
495 1680 713 1719 Latinorum
730 1680 1073 1731 interpolandorum
1092 1683 1186 1721 ratio
1204 1684 1252 1722 ab
1270 1687 1359 1724 alle-

48 1740 187 1793 goricis
205 1739 474 1778 narrationibus
494 1741 676 1792 profecta,
704 1755 792 1792 quas
818 1741 854 1779 in
877 1741 1107 1780 historiarum
1134 1745 1303 1785 ordinem
1321 1758 1360 1787 et

47 1813 243 1839 numerum
263 1800 413 1838 seriores
432 1802 633 1840 retulerunt
648 1816 656 1839 ε
697 1801 796 1852 quod
814 1801 915 1839 idem
932 1802 1029 1839 inter
1045 1803 1199 1843 Graecos
1217 1818 1254 1845 et
1279 1822 1360 1848 om-

47 1874 111 1899 nes
126 1860 276 1899 omnino
296 1870 475 1899 terrarum
493 1862 647 1912 populos
666 1861 802 1899 factum
821 1862 891 1899 esse
916 1861 1028 1900 modo
1046 1862 1085 1901 in
1102 1865 1226 1904 multis
1247 1870 1362 1909 modo

48 1920 88 1959 in
103 1922 231 1973 paucis
256 1921 484 1960 manifestum
503 1923 565 1960 est.
619 1921 678 1960 Ita
701 1923 893 1965 Saturnus,
918 1923 1079 1966 Faunus,
1108 1924 1238 1973 Janus,
1266 1929 1362 1968 inter

50 1982 178 2020 Latini
196 1981 353 2031 majores
373 1982 479 2019 relati
495 1981 589 2024 sunt,
604 1981 667 2032 qui
686 1992 809 2019 tamen
828 1981 1030 2032 symbolica
1043 1982 1192 2022 fuerunt
1211 1989 1362 2027 nomina

50 2055 95 2080 ac
111 2043 228 2093 ligna,
255 2041 387 2092 quibus
406 2041 527 2079 varias
544 2055 600 2078 res
619 2042 784 2092 physicas
800 2051 837 2080 et
863 2040 1002 2080 ethicas
1021 2041 1235 2084 declarabat
1255 2059 1361 2088 vetus

50 2103 159 2142 Italia
173 2117 184 2147 ;
214 2112 255 2140 ut
274 2101 345 2139 alio
362 2101 446 2140 loco
470 2101 691 2139 videbimus.

105 2162 179 2200 Sed
203 2161 382 2211 majorem
400 2161 567 2200 mutandi
586 2171 623 2199 et
642 2161 688 2199 ad
708 2161 942 2212 peregrinam
969 2163 1131 2202 indolem
1149 2165 1362 2208 inflectendi

50 2224 201 2275 mythos
231 2223 386 2261 Latinos
405 2222 607 2266 licentiam,
636 2227 736 2260 terlio
763 2223 911 2274 quidem
930 2224 1028 2268 loco,
1056 2227 1178 2265 attulit
1196 2228 1362 2269 insanum

51 2283 279 2323 Graecanicae
301 2281 474 2319 doffflnae
498 2282 535 2319 in
553 2282 691 2333 patrias
707 2281 870 2320 historias
890 2292 927 2321 et
945 2284 1142 2336 religiones
1162 2286 1363 2329 inferenda:

53 2345 208 2382 studium
229 2343 324 2380 inter
342 2342 546 2385 Romanos,
574 2341 674 2392 quod
701 2356 723 2380 a
742 2342 906 2393 pluribus
932 2346 1056 2382 caustis
1073 2347 1281 2397 profectum
1300 2353 1363 2390 est.

52 2404 194 2443 Partim
208 2402 309 2441 enim
323 2401 528 2440 domesticae
545 2402 702 2439 historiae
730 2402 947 2452 antiquioris
974 2404 1200 2456 ignorantia,
1228 2421 1264 2446 et
1283 2412 1363 2462 ple-

51 2463 132 2503 nior
147 2462 429 2515 expeditiorque
450 2463 666 2500 Graeearum
695 2475 817 2500 rerum
835 2464 1019 2514 cognitio,
1045 2466 1181 2516 partim
1210 2469 1361 2509 GraeCO-

50 2539 132 2564 rum
150 2523 402 2563 historicorum
417 2522 626 2572 exemplum
643 2522 681 2559 in
696 2522 900 2573 originibus
918 2525 1051 2562 veteris
1070 2526 1189 2564 Italiae
1216 2542 1236 2564 e
1252 2530 1364 2568 Grae-

53 2585 113 2623 cia
127 2583 356 2626 arcessendis,
375 2595 575 2631 eorumque
595 2581 640 2618 de
665 2593 830 2619 veterum
851 2583 1088 2635 Pelasgorum
1107 2589 1361 2635 communibus

50 2659 138 2683 cum
152 2644 336 2682 Ausonum
350 2643 409 2681 vel
424 2642 674 2693 Aboriginum
689 2652 799 2693 gente
814 2643 955 2681 sedibus
981 2647 1039 2695 (v.
1054 2646 1128 2694 sup.
1143 2660 1182 2697 p.
1203 2662 1273 2699 1²9
1286 2649 1358 2700 sq.)

53 2704 216 2744 narratio
232 2713 268 2741 et
285 2702 496 2754 disputatio,
530 2702 662 2751 partim
683 2702 842 2753 denique
861 2704 1139 2742 animadversa
1130 2720 1167 2742 1n
1184 2710 1366 2748 nonnullis

53 2764 281 2804 Graecanicae
292 2762 447 2815 originis
456 2772 498 2829 εὖ
511 2762 646 2814 linguae
668 2763 820 2814 vestigia
838 2776 883 2801 eo
902 2764 1132 2802 adduxerant
1146 2767 1295 2811 multos,
1326 2780 1366 2808 ut

51 2825 191 2871 omnia,
219 2837 300 2876 quae
326 2823 367 2862 in
391 2822 610 2875 antiquitate
639 2823 758 2863 Italiae
777 2824 931 2863 obscura
955 2834 992 2864 et
1017 2838 1148 2877 parum
1173 2829 1366 2879 explorata

1241 2889 1367 2933 essent,
