1847 3313
379 287 481 340 320
585 270 638 317 P.
680 263 1058 315 VIRGILII
1107 259 1518 311 MARONIS

386 401 515 448 Cum
538 397 704 462 procul
726 397 810 443 hos
834 395 959 442 laevo
981 393 1209 442 fleetentis
1233 392 1387 441 limite
1410 404 1611 441 cernunt
1627 417 1650 451 ς,

384 493 454 540 Et
472 491 606 556 galea
628 487 891 549 Euryalum
914 484 1131 533 sublustri
1156 485 1306 533 nostis
1328 485 1376 531 in
1398 485 1570 532 umbra

384 582 606 632 Prodidit
628 581 960 636 inmemorem,
983 574 1216 637 radiisque
1239 573 1431 621 adversa
1452 573 1651 623 refulfit.

387 672 539 720 Haud
562 683 739 718 temere
765 668 829 715 est
856 665 1026 714 visum.
1097 663 1378 713 Conclamat
1411 663 1472 710 ab
1509 664 1707 727 agmine

584 759 809 807 Volscens
834 775 846 805 ε
1607 768 1666 816 37
1676 754 1698 814 ς

388 853 535 909 State,
559 851 649 898 viri
667 874 680 906 ;
717 865 826 913 quae
846 847 998 896 cauffa
1013 829 1138 894 viae?
1173 846 1316 909 quive
1332 844 1440 892 estis
1457 843 1505 891 in
1522 844 1664 891 armis
1684 844 1704 890 ?

389 942 564 1007 Qiove
585 940 753 989 tenetis
777 938 896 987 iter?
933 935 1070 985 Nihil
1095 936 1165 987 illi
1188 934 1379 982 tendere
1401 946 1565 981 contra
1585 958 1600 991 ;

392 1030 486 1076 Sed
509 1026 709 1076 celerare
730 1026 896 1090 fugam
920 1023 970 1070 in
992 1023 1144 1080 filvas,
1168 1035 1214 1070 ct
1237 1023 1383 1070 fidere
1407 1023 1555 1069 noeti.

393 1117 648 1183 Objiciunt
669 1115 851 1179 equites
871 1110 963 1160 sese
980 1111 1039 1158 ad
1063 1110 1268 1157 divortia
1289 1121 1404 1156 nota

394 1211 529 1260 Hinc
572 1220 713 1271 atque
752 1205 881 1262 hine,
935 1216 1229 1264 omnemque
1277 1200 1466 1249 abitum
1517 1202 1715 1250 custode

592 1307 839 1345 coronant.
1617 1310 1643 1357 3
1654 1298 1716 1344 80

397 1389 526 1437 Silva
548 1388 658 1445 fuit,
681 1387 774 1433 late
797 1384 956 1433 dumis
979 1395 1120 1447 atque
1145 1383 1253 1431 ilice
1279 1383 1418 1448 nigra

442 1528 518 1560 373.
535 1520 683 1566 sublustris
703 1517 798 1550 Leid.
828 1529 846 1548 a
860 1527 905 1549 m.
929 1527 979 1559 pr.
998 1523 1030 1548 et
1048 1516 1149 1549 Goth.
1178 1523 1254 1548 tert.
1348 1525 1426 1557 374.
1449 1530 1504 1561 que
1526 1517 1610 1550 abest
1630 1517 1719 1550 binis

399 1571 513 1604 Burm.
556 1583 624 1615 quae
639 1571 788 1602 emendat
805 1569 955 1602 Waddel.
975 1580 1026 1611 ap.
1041 1570 1164 1607 Burm„
1183 1569 1279 1611 idque
1294 1569 1449 1611 probabat
1462 1569 1625 1612 Cuningh.
1695 1584 1698 1585 ⁷

399 1632 441 1664 37
444 1633 478 1665 5.
502 1624 539 1667 cst
559 1622 645 1654 abest
666 1620 830 1653 nonnullis
854 1621 1011 1652 Pierianis
1026 1628 1058 1652 et
1082 1620 1166 1652 binis
1185 1620 1368 1652 Gothanis:
1404 1628 1437 1652 at
1451 1621 1540 1664 prior
1556 1632 1566 1652 ε
1608 1622 1717 1658 Stareg

399 1678 464 1707 viri
478 1687 546 1719 quae
560 1676 653 1718 cauffa
667 1676 732 1705 viae
746 1674 781 1716 est
793 1675 814 1704 ‚P
851 1672 928 1717 usum
949 1674 1026 1704 Exc.
1044 1673 1156 1703 Burm.
1199 1673 1264 1717 wsu
1286 1683 1337 1714 pr.
1359 1674 1484 1705 Moret.
1502 1674 1720 1711 Burmannus,
1767 1665 1778 1676 ⁰

399 1726 528 1759 nullum
543 1727 697 1758 idoneum
709 1725 834 1757 sensum
848 1724 932 1756 exire
942 1730 1069 1766 putans,
1081 1724 1232 1755 emendat
1253 1725 1330 1768 vffa,
1344 1724 1409 1755 visa
1420 1723 1512 1766 galea
1522 1723 1716 1767 splendenti«¹

400 1778 527 1811 SciHcet
550 1776 842 1820 interpungebatur
874 1777 967 1808 Haud
993 1785 1092 1808 temer-e
1118 1776 1153 1819 ψ
1176 1775 1280 1820 φῇῖινη,
1303 1777 1456 1808 conclamat
1469 1776 1506 1808 ab
1522 1789 1551 1807 a.
1569 1777 1609 1808 V.
1655 1775 1719 1805 Vir

401 1829 525 1862 doetiff.
551 1837 680 1862 tantum
704 1827 1001 1869 interpunstionem
1022 1827 1161 1858 curatius
1176 1827 1302 1869 exigere
1319 1826 1464 1858 debebat.
1508 1825 1718 1858 Scribendum

401 1889 436 1913 et
450 1881 674 1924 accipiendum
690 1879 756 1918 est3
778 1879 872 1910 Haud
887 1887 986 1910 temere
1001 1879 1036 1920 cst
1051 1878 1153 1921 visum.
1198 1878 1358 1909 Conclamat
1371 1877 1408 1908 ab
1429 1889 1462 1908 α.
1487 1879 1523 1908 V.
1542 1888 1551 1915 3
1581 1887 1631 1908 res
1652 1877 1721 1908 ani·

402 1932 570 1965 madversa
581 1931 625 1963 est
636 1931 722 1963 haud
734 1930 768 1960 in
781 1940 912 1965 vanum,
927 1929 1014 1960 haud
1026 1928 1170 1970 impune.
1212 1927 1435 1959 Conclamavit
1451 1926 1558 1959 statim
1569 1927 1722 1959 Volscens

405 1992 473 2016 etc.
512 1986 623 2025 Atque
639 1983 714 2020 hoc,
730 1982 816 2023 quod
830 1981 940 2023 sponte
956 1981 986 2011 se
999 1980 1105 2017 offert,
1121 1979 1233 2010 malim
1249 1979 1413 2020 equidem,
1434 1989 1531 2020 quam
1549 1986 1603 2009 aut
1625 1980 1721 2019 vffum

403 2046 466 2078 pro
487 2033 682 2067 substantivo
707 2032 836 2069 habere,
866 2039 921 2062 aut
937 2030 1079 2073 accipere
1095 2029 1181 2071 quasi
1196 2030 1320 2061 didium
1334 2040 1342 2060 ε
1367 2029 1483 2060 Visum
1500 2028 1554 2066 est,
1569 2028 1654 2059 haud
1671 2036 1721 2060 te-

404 2096 494 2118 mere
507 2085 579 2124 ess'e,
593 2084 680 2127 quod
696 2083 787 2125 galea
803 2081 981 2114 refulserat.
1026 2081 1081 2112 Est
1097 2081 1183 2111 enim
1206 2089 1305 2111 temere
1327 2079 1456 2122 proprie
1474 2087 1566 2110 vetus
1590 2089 1722 2119 nomen,

405 2149 445 2170 ex
460 2137 602 2174 tenteris,
620 2141 798 2172 temere‚ut
814 2133 944 2171 necesse,
958 2132 1124 2171 forte‚rite
1141 2139 1172 2163 et
1188 2131 1315 2163 similia.
1355 2132 1444 2162 Turn
1466 2131 1503 2162 ab
1518 2142 1622 2174 aggere
1636 2133 1720 2162 Veri,

406 2196 439 2220 et
451 2199 469 2219 a
484 2199 529 2219 m.
547 2198 599 2229 pr.
617 2186 720 2224 Gud.‚
744 2185 831 2226 quod
848 2185 887 2216 de
901 2184 955 2215 via
969 2184 1083 2227 accipit
1095 2191 1125 2215 et
1143 2183 1278 2214 illustrat
1294 2182 1453 2222 Heinsius,
1470 2182 1521 2214 sed
1539 2182 1571 2213 h.
1585 2183 1606 2214 l.
1625 2193 1722 2213 nemo

405 2240 559 2283 praeferet
576 2237 685 2274 alteri,
702 2237 788 2279 quod
796 2236 838 2266 de
855 2236 934 2267 duce
950 2236 1053 2278 magis
1069 2235 1329 2266 consentaneum.
1377 2235 1516 2266 exclamat
1531 2236 1615 2266 Ven.
1662 2246 1724 2267 cun

406 2292 513 2324 clamat
529 2289 630 2320 Goth.
646 2289 703 2319 sec.
795 2287 867 2326 378.
893 2288 1016 2330 instlvis
1040 2288 1132 2318 Leid.
1151 2295 1184 2318 et
1202 2288 1450 2329 Reg.—-379.
1474 2286 1549 2326 380.
1574 2287 1609 2316 ln
1622 2296 1724 2317 unum

407 2342 527 2374 conflat
541 2340 643 2372 Goth.
663 2347 737 2371 tert.
778 2338 984 2383 Objicz'ttntscs}
998 2341 1102 2382 equites
1118 2339 1226 2370 aditum
1243 2339 1346 2381 custode
1362 2337 1645 2377 coronat.—-—380.
1669 2339 1726 2369 hue

408 2393 480 2426 illuc
499 2392 627 2424 Nonius
642 2392 676 2421 in
699 2391 836 2422 divortia.
883 2390 990 2421 abitum
1007 2389 1125 2421 Medic.
1143 2400 1161 2420 a
1177 2399 1226 2431 pr.
1252 2399 1300 2420 m.
1328 2388 1445 2429 aliique
1468 2398 1541 2419 cum
1563 2389 1661 2419 Rom.
1691 2394 1725 2420 et

407 2445 479 2477 aliis
492 2443 591 2482 Pier.,
605 2441 748 2484 praetulit
761 2449 887 2482 quoque
899 2440 1046 2479 Servius;
1067 2441 1177 2482 itaque
1192 2439 1313 2482 recepit
1330 2438 1491 2471 Heinsius.
1538 2439 1581 2470 Et
1596 2439 1727 2471 videtur

409 2497 471 2530 esse
487 2496 614 2528 doffius
638 2505 736 2536 quam
761 2493 919 2536 vulgare:
941 2494 1063 2525 aditum.
1109 2492 1170 2525 Ed.
1202 2491 1339 2525 Mediol.
1364 2491 1479 2530 obitum,
1499 2497 1576 2523 tert.
1601 2492 1731 2525 Moret-

409 2559 498 2594 atque
513 2559 614 2580 omnem
628 2546 746 2577 abitum.

408 2618 538 2669 quibus
556 2615 612 2654 illi
627 2615 891 2653 imminebant..
946 2628 1036 2665 372.
1106 2612 1291 2651 madversa
1317 2612 1366 2650 est
1393 2612 1491 2650 haud
1517 2611 1556 2649 in
1573 2625 1702 2656 vanum
1714 2625 1729 2658 3

417 2670 511 2707 laevo
529 2670 629 2707 limite
645 2683 659 2707 .-
687 2668 737 2705 sc.
756 2667 795 2704 in
811 2667 904 2705 bivio
917 2677 1042 2716 portae,
1106 2679 1180 2704 non
1198 2664 1358 2715 negleela
1375 2665 1434 2701 est.
1454 2665 1502 2702 cf.
1520 2664 1609 2702 Var.
1625 2665 1727 2703 Le&-

415 2737 496 2772 quae
500 2723 661 2771 proxima
666 2730 762 2769 ponto
776 2732 810 2755 v.
828 2720 914 2768 238.
941 2718 1041 2756 conf.
1108 2730 1153 2767 37
1161 2731 1194 2767 7.
1221 2718 1350 2754 tendere
1375 2716 1468 2752 reeie
1486 2716 1609 2766 explet
1625 2716 1727 2754 Serv.

413 2772 494 2824 sup.
513 2773 560 2810 ad
574 2771 626 2811 vs.
648 2785 734 2823 195·
789 2783 833 2822 37
839 2783 876 2823 ς.
893 2782 944 2809 res
962 2769 1041 2808 ani.
1104 2768 1224 2808 verbis
1264 2765 1413 2806 tendere
1455 2766 1622 2805 adversus
1660 2765 1728 2804 ali·

1604 2830 1731 2871 quem,
