1847 3313
417 271 837 328 AENEIDOS‚
888 269 1041 317 LIB.
1093 267 1185 316 IX.

1357 279 1456 330 299

145 409 328 458 AEnean
353 402 504 451 adciti
525 414 706 455 ornnes,
738 394 1040 460 populusque
1061 393 1325 457 patresque,

143 496 448 561 Exposcunt;
481 490 704 552 mittique
729 487 868 543 viros,
903 485 1127 548 quicerta
1150 498 1412 548 reportent.

144 592 194 637 Si
217 588 324 645 tibi,
357 600 467 648 quae
488 581 647 646 posCO,
679 577 998 642 promittunt:
1034 593 1147 624 nam
1171 577 1291 624 mihi
1316 578 1427 626 faeti

144 686 291 732 Fama
311 683 377 730 sat
403 682 495 728 est:
531 677 719 726 tumulo
738 675 904 722 videor
927 674 1131 736 reperire
1154 673 1239 720 sub
1263 673 1345 720 illo
1369 690 1423 739 19
1430 685 1455 737 5

145 776 276 823 Poffe
300 774 428 820 viam
449 771 507 818 ad
533 782 692 816 muros
717 777 764 812 et
788 763 970 812 moenia
994 763 1252 811 Pallantea.

144 861 405 924 Obstupuit
425 874 601 922 magno
623 854 818 902 laudum
837 854 1073 917 percuffus
1096 870 1261 901 amore

193 996 266 1029 192.
282 989 408 1018 AEneam
435 987 568 1025 accirique
593 983 656 1014 duo
678 982 791 1013 Burm.
837 982 924 1011 omnis
947 982 1114 1024 populuspue
1128 993 1211 1014 unus
1232 981 1318 1014 Pier.
1346 989 1378 1014 et
1401 990 1467 1014 tres

147 1036 272 1076 Burm.‚
294 1038 379 1079 quod
405 1036 554 1068 deterius.
602 1035 752 1075 populique
774 1031 914 1063 Dorvill.
943 1043 1017 1063 curn
1050 1033 1133 1064 binis
1162 1034 1261 1065 Goth.
1303 1036 1465 1076 populosqzoe

149 1090 291 1121 Parrhas.
305 1091 368 1121 duo
385 1087 540 1119 Rottend.
554 1094 585 1117 et
601 1093 692 1116 vetus
707 1084 804 1115 codex
828 1083 924 1121 Pien,
946 1084 1001 1124 qui
1030 1086 1196 1116 Romanus
1222 1086 1276 1124 est,
1307 1094 1343 1117 ut
1372 1096 1465 1119 vetus

144 1140 300 1183 scriptura
309 1141 356 1174 fit.

150 1192 248 1224 Goth.
262 1203 310 1235 pr.

448 1148 524 1181 193.
546 1144 622 1179 cepta
638 1136 777 1167 Oudart.
823 1140 964 1175 reportant
983 1144 1033 1175 pr.
1053 1134 1172 1166 Hamb,

403 1199 475 1231 195,
501 1189 671 1228 Famafittis
685 1185 814 1218 Zullch.
834 1193 865 1216 et
881 1185 1022 1218 Dorvill.
1068 1188 1170 1216 cumulo
1186 1187 1261 1219 dun.
1308 1191 1383 1218 video
1407 1190 1465 1222 sec,

1265 1145 1337 1178 194.
1362 1139 1404 1168 Sia
1419 1140 1471 1169 tibi

149 1245 304 1276 Rottend.
351 1245 460 1285 apa-‚ire
489 1240 612 1281 aliquot
633 1238 727 1276 Pier.‚
771 1238 858 1279 quod
877 1247 934 1279 per
948 1237 977 1268 se
995 1247 1059 1268 non
1075 1238 1197 1269 malum
1212 1238 1295 1270 effet.
1331 1241 1385 1280 fizb
1409 1243 1468 1271 alta

149 1297 258 1338 Bigot.
306 1294 452 1326 Tur-bant
472 1292 578 1323 virum
594 1290 727 1322 doecum
740 1292 815 1320 muri
831 1296 864 1319 et
879 1291 973 1319 moenia
987 1288 1126 1330 jundtim
1142 1289 1282 1331 appofita
1299 1289 1337 1321 de
1353 1292 1466 1324 eadem

150 1348 251 1385 urbe3
281 1346 457 1378 tenendum
479 1343 608 1379 scilicet,
631 1341 747 1372 moenia
771 1339 831 1372 esse
856 1339 963 1371 locum
988 1340 1029 1371 ad
1054 1350 1172 1370 muros.
1217 1341 1267 1371 De
1279 1341 1398 1382 palatio
1415 1345 1470 1377 vix

151 1399 270 1434 moenia
302 1397 400 1433 dieta,
436 1405 476 1425 ne
508 1394 563 1424 lib.
594 1394 652 1429 VI,
678 1401 742 1433 549
770 1390 910 1432 quidem.

152 1452 237 1483 Pier.
264 1460 281 1480 e
306 1447 407 1484 libris,
450 1446 518 1477 Alii
544 1446 695 1488 perculsus,
724 1450 878 1487 perpetua
907 1441 1073 1473 varietate.
1119 1450 1196 1474 tanto
1219 1445 1358 1487 perczffas

153 1500 276 1538 Hamb.

155 1610 309 1649 dubitare
335 1621 478 1659 quoque
493 1608 540 1645 est
567 1606 780 1652 deliberare,

156 1662 279 1699 animo
295 1662 430 1710 agitare
441 1670 476 1697 et
493 1660 649 1696 volvere.
688 1659 782 1696 Bene

161 1715 263 1752 Serv.
298 1712 442 1750 dubitem
485 1713 525 1748 id
562 1714 604 1763 est
636 1716 781 1762 cogitem.

163 1778 248 1815 193.
279 1775 462 1814 reportent:
506 1775 578 1800 an:
620 1762 665 1799 ab
690 1762 784 1799 illo?

158 1816 210 1855 ita
228 1816 343 1866 suppl.
363 1828 406 1851 an
424 1827 509 1852 mox
527 1813 706 1850 rediturus
718 1813 782 1857 fit3

159 1868 210 1905 fin
245 1868 290 1904 de
326 1866 414 1902 illo:
461 1865 552 1915 quid
587 1865 649 1902 ille
686 1874 782 1915 agat.

161 1919 248 1956 Hoc
264 1917 386 1969 friget,
406 1926 506 1966 put0.
561 1915 674 1967 Qod
689 1929 783 1954 nunc

160 1971 201 2010 in
230 1969 326 2008 votis
354 1969 522 2012 habetur,
547 1970 610 2012 est,
638 1977 677 2004 ut
701 1967 784 2010 tint,

160 2022 226 2074 qui
260 2030 403 2071 portent
431 2019 476 2056 ad
497 2019 648 2056 AEneam
666 2029 783 2065 certa;

162 2087 236 2124 quo
271 2073 333 2109 ille
374 2071 530 2109 reditum
580 2080 787 2115 maturaret,

163 2125 228 2162 ubi
243 2124 423 2173 Trojanos
452 2122 606 2160 obsideri
630 2121 785 2172 accepis-

163 2176 240 2220 set;
285 2188 372 2226 ergo
397 2183 432 2210 et
460 2173 520 2211 hie
541 2184 704 2224 reportare
721 2186 788 2224 pro

163 2226 332 2278 fimplici.
385 2226 537 2265 Aineam
572 2235 690 2262 autem
722 2225 786 2261 ad-

163 2279 237 2316 huc
272 2277 368 2327 apud
408 2276 618 2316 Evandrum
653 2276 787 2314 morari

164 2330 359 2368 credebant
396 2327 486 2364 vers.
532 2330 616 2378 196.
699 2341 784 2379 194.

166 2381 374 2424 Praemium,
387 2379 485 2430 quod
502 2393 569 2429 pro
587 2388 687 2416 tanto
701 2379 786 2419 auso

164 2433 308 2485 poscere
324 2441 478 2482 poterat,
496 2430 686 2482 generosus
703 2443 790 2481 puer

163 2484 365 2523 concedere
377 2483 454 2519 vult
469 2483 587 2519 arnico
605 2481 764 2532 Euryalo
778 2494 788 2520 :

167 2536 242 2586 ipse
259 2534 364 2572 laude
393 2533 481 2570 faeti
498 2543 685 2571 contentus
713 2535 791 2572 effe.

168 2588 306 2626 Dicas:
336 2595 372 2623 at
389 2585 458 2622 inf.
488 2598 565 2634 234
580 2585 678 2636 seqq.
697 2585 789 2623 nihil

170 2639 240 2675 tale
274 2637 426 2689 postulat
460 2637 587 2675 Nisus.
652 2637 791 2675 Verum

170 2689 361 2727 antevertit
389 2689 463 2738 ejus
490 2688 663 2739 postulata
680 2700 791 2739 gene-

171 2740 250 2778 rosa
272 2741 454 2778 voluntate
477 2739 652 2777 Ascanius
684 2740 790 2790 polli-

171 2792 286 2833 cendo
297 2790 443 2844 praemia
455 2791 505 2832 vs.
518 2805 535 2830 2
544 2804 589 2844 52
602 2790 680 2843 sqq.
697 2790 791 2831 Mox

1005 1400 1075 1433 197.
1101 1391 1239 1434 pet-czffxs
1265 1392 1373 1424 Heins-
1399 1397 1470 1437 post.

844 1619 881 1645 v,
921 1618 988 1658 197
1020 1605 1158 1644 laudam
1191 1607 1239 1645 est
1257 1621 1322 1658 pro
1340 1609 1471 1649 laudis.

846 1658 936 1702 laus,
964 1662 1067 1703 κλέος,
1093 1659 1228 1696 saecum
1264 1661 1471 1709 praeclarum

846 1720 954 1760 atque
971 1710 1080 1747 etiam
1110 1710 1237 1754 virtus,
1266 1721 1305 1747 ut
1340 1712 1406 1748 inf.
1433 1726 1472 1752 v.

848 1773 935 1812 252.
964 1760 1016 1806 V,
1047 1775 1134 1813 355.
1165 1760 1277 1805 VIII,
1315 1776 1386 1813 273
1424 1766 1473 1804 al.

849 1813 919 1849 Sed
952 1822 991 1849 ut
1009 1813 1054 1849 de
1073 1822 1152 1849 toto
1170 1813 1253 1850 Nifi
1271 1823 1307 1850 et
1324 1815 1475 1864 Euryali

850 1864 998 1901 confilio
1019 1863 1102 1901 satis
1132 1865 1281 1909 constet,
1308 1865 1474 1904 locorum

850 1914 935 1953 fitus
954 1916 1049 1966 apud
1079 1916 1241 1952 animum
1259 1917 1477 1955 adumbran-

849 1965 915 2003 dus
942 1968 1013 2004 est:
1060 1969 1203 2018 Agrum
1223 1967 1419 2006 Ostiensem
1439 1977 1478 2007 et

850 2018 938 2055 ostia
955 2018 1103 2056 Tiberis
1127 2020 1170 2056 ad
1191 2020 1352 2056 animum
1372 2033 1477 2058 revo-

850 2082 906 2106 ca.
962 2071 1085 2108 Castra
1130 2071 1379 2120 Trojanorum
1425 2072 1473 2109 ad

854 2120 1004 2158 Tiberis
1039 2123 1113 2159 fere
1140 2122 1227 2159 ostia
1256 2123 1292 2159 in
1310 2123 1479 2162 orientali

853 2171 978 2210 littore
995 2183 1098 2210 erant
1113 2173 1191 2216 fita,
1219 2173 1292 2211 vid.
1323 2174 1478 2215 Excurs.

854 2221 913 2258 III
928 2225 973 2262 ad
992 2225 1059 2263 lib.
1078 2224 1170 2270 VH,
1197 2238 1217 2262 a
1234 2226 1359 2262 dextra
1388 2241 1478 2264 mte-

853 2273 914 2311 nia
943 2277 990 2313 ad
1026 2290 1166 2314 amnem
1196 2277 1474 2328 pertingebant:

853 2326 903 2364 cf.
938 2328 1004 2365 inf.
1023 2329 1113 2378 469.
1134 2342 1221 2378 790.
1244 2331 1333 2380 815,
1370 2343 1478 2379 quam

850 2388 987 2427 partem
1019 2393 1106 2417 mox
1140 2379 1324 2425 Turnum,
1361 2382 1482 2420 castris

854 2429 1049 2474 inclusum,
1102 2440 1222 2482 petere
1258 2431 1478 2472 videbimus.

859 2481 919 2518 Ab
932 2483 1058 2519 eadem
1070 2492 1170 2533 parte
1180 2495 1201 2519 a
1217 2493 1320 2533 tergo
1333 2483 1481 2522 navium

856 2542 932 2571 erat
947 2533 1052 2571 statio
1082 2534 1159 2587 sup.
1180 2547 1214 2572 v.
1248 2536 1310 2572 68.
1365 2534 1481 2572 Fron-

857 2593 930 2622 tem
945 2586 1137 2624 castrorum
1158 2585 1276 2622 versus
1294 2599 1390 2623 mare
1407 2587 1483 2625 fere

853 2635 1017 2688 spefitaffe
1050 2637 1183 2675 necesse
1212 2637 1273 2674 est.
1327 2639 1363 2674 A
1383 2638 1482 2675 smis-

855 2696 912 2725 tra
943 2697 1044 2739 parte
1070 2699 1178 2740 porta
1196 2689 1242 2726 ad
1257 2701 1354 2726 mare
1372 2690 1483 2727 duce-

857 2738 942 2777 bat:
987 2753 1020 2776 v.
1052 2739 1116 2779 inf.
1149 2743 1236 2790 238.
1311 2741 1392 2779 Hac
1426 2741 1484 2779 illi

856 2790 993 2844 egreffi,
1021 2790 1169 2830 Rutulis
1181 2791 1353 2833 excubias
1365 2792 1483 2843 negli-

1360 2855 1485 2898 genter
