1847 3313
349 286 379 334 g
752 280 1259 332 PRAEFATIO

343 415 545 466 tendum
570 415 656 463 effe
678 427 862 479 putent,
897 416 1025 480 quod
1050 418 1099 464 in
1132 418 1293 482 aliquo
1316 418 1438 466 libro
1462 419 1657 484 scripto,

346 499 421 545 vel
461 515 518 545 ex
557 498 742 560 scriptis
769 500 915 556 edit0,
949 499 1097 556 aliter,
1130 517 1275 564 quam
1301 502 1445 565 vulgo
1470 504 1659 565 legitur,

344 594 583 628 exaratum
606 581 679 628 sit.
750 581 798 627 Si
824 594 980 628 tamen
1004 582 1052 627 in
1069 581 1272 646 Virgilio
1290 584 1382 633 hoc
1408 584 1525 632 sorte
1541 601 1660 631 con-2

345 666 450 712 cedi
470 665 636 728 potest,
671 678 918 727 tamquam
961 665 1006 711 in
1043 666 1186 729 po'e'ta
1216 667 1454 730 principe,
1489 670 1538 717 in
1562 685 1658 734 quo

343 749 463 795 nihil
489 749 630 796 nimis
656 751 756 799 leve
793 749 882 795 effe
916 749 1068 812 poffit,
1102 762 1148 796 et
1172 752 1222 801 in
1245 767 1342 813 quo
1363 753 1553 800 critices
1577 771 1658 800 ru·-

341 833 558 880 dimenta
582 831 797 878 facienda
830 830 919 878 fint
939 826 1256 878 adolescenti:
1307 833 1458 885 nolim
1498 847 1656 884 tamen

339 915 566 977 cuiquam
589 913 785 961 candem
805 913 1039 959 rationem
1062 913 1250 981 probari
1271 914 1320 961 in
1338 916 1444 963 aliis
1459 917 1656 964 minoris

340 996 590 1059 dignitatis
616 995 940 1059 scriptoribus.
1009 995 1059 1042 Si
1096 997 1226 1044 enim
1267 999 1317 1046 in
1354 999 1570 1063 Virgilio,
1605 1012 1659 1049 ut

338 1079 569 1143 diximus,
603 1078 690 1125 effe
713 1078 866 1142 potest
889 1078 1068 1133 utilitas
1090 1080 1249 1144 aliqua
1273 1083 1416 1129 variae
1441 1084 1657 1134 leitionis,

339 1162 616 1226 diligentius
641 1163 785 1210 etiam
810 1163 856 1211 in
878 1163 1105 1222 obscuris,
1140 1165 1342 1223 levibus,
1374 1179 1456 1213 aut
1488 1166 1656 1214 sollen-

338 1246 480 1293 nibus
503 1248 735 1295 erroribus
758 1247 1043 1311 adscriptae:
1088 1260 1140 1295 ut
1164 1248 1426 1314 specimina
1451 1251 1654 1308 habeant

337 1329 654 1381 adolescentes
680 1330 987 1378 festinationis
1022 1343 1069 1378 et
1093 1331 1292 1397 stuporis
1318 1333 1651 1389 librariorum;

335 1427 445 1476 quae
469 1411 662 1458 tandem
685 1412 735 1458 in
756 1412 876 1470 aliis,
893 1425 938 1459 et
961 1413 1155 1475 ubique,
1180 1413 1269 1459 effe
1298 1416 1448 1477 potest
1474 1416 1653 1463 utilitas

336 1507 542 1548 enotatae
574 1497 828 1553 varietatis,
863 1512 990 1559 quae,
1036 1495 1071 1541 fi
1114 1511 1221 1543 vere
1259 1497 1403 1554 dicas,
1454 1498 1653 1546 varietas

335 1578 466 1626 nulla
488 1577 567 1634 est,
602 1576 682 1624 sed
707 1593 836 1629 mera
860 1576 1167 1630 librariorum
1206 1578 1454 1636 aberratio,
1490 1580 1654 1630 mille„

336 1660 412 1709 nis
434 1661 665 1725 exemplis
693 1661 878 1709 dudum
896 1673 1021 1717 nota,
1057 1661 1203 1707 modo
1226 1660 1285 1706 ab
1309 1660 1506 1722 incuria,
1543 1681 1651 1712 mo..

334 1746 400 1797 do
420 1746 480 1792 ab
505 1745 787 1808 ignorantia,
813 1745 958 1792 modo
980 1762 1006 1792 a
1024 1745 1184 1792 saeculi
1208 1746 1391 1794 inscitia
1412 1750 1652 1812 profesta?

334 1827 386 1874 in
408 1843 499 1890 qua
522 1826 641 1881 nihil
657 1826 770 1875 novi
794 1838 1012 1873 occurrat
1031 1851 1044 1881 ;
1093 1827 1209 1874 nihil
1249 1829 1379 1890 quod
1412 1819 1506 1877 non
1546 1832 1652 1888 sex-2,

333 1909 511 1957 centies
534 1908 833 1958 observatum
860 1908 941 1962 fit;
990 1909 1109 1955 nihil
1133 1909 1262 1974 quod
1289 1912 1497 1975 aliquem
1521 1915 1650 1963 fruc..

332 2002 438 2043 tum
463 1990 633 2037 habeat
655 2002 735 2036 aut
757 1991 926 2038 habere
947 1991 1101 2057 poffit.
1173 1994 1401 2055 Inprimis
1422 2009 1580 2045 autem
1598 2000 1647 2051 in

333 2072 394 2120 iis
416 2073 701 2131 auitoribuS,
725 2070 805 2137 qui
817 2074 923 2137 jam
947 2075 1113 2122 critica
1136 2089 1234 2122 arte
1257 2090 1302 2124 et
1318 2077 1377 2130 ad
1396 2079 1647 2138 meliorum

332 2158 568 2217 librorum
609 2144 897 2220 exemplaria
936 2159 1171 2207 emendati
1195 2160 1314 2218 sunt,
1349 2179 1492 2226 quam
1517 2167 1650 2219 utili-2

335 2251 484 2287 tatem
540 2239 681 2287 studii
735 2241 980 2306 expeffitare
1027 2242 1180 2305 potest
1223 2243 1279 2301 is,
1333 2246 1415 2309 qui
1473 2249 1647 2302 iterum

333 2323 583 2386 vulgarem
651 2323 860 2386 aliquem
931 2338 980 2372 et
1050 2326 1346 2375 diobolarem
1424 2332 1646 2381 codicem

333 2416 416 2458 aut
441 2404 702 2466 editionem
735 2423 762 2467 a
795 2406 1102 2465 somnolentis
1145 2409 1302 2471 operis
1336 2410 1645 2474 depravatam

334 2484 498 2538 sedulo
551 2500 774 2547 excutiat,
842 2489 1104 2553 sphalmata
1158 2504 1205 2539 et
1264 2509 1438 2540 errores
1494 2512 1646 2544 anno-

334 2577 419 2624 tet,
490 2578 537 2628 et
604 2569 667 2629 fic
719 2561 893 2632 novam
961 2571 1006 2630 se
1080 2572 1339 2629 editionem
1402 2575 1644 2626 adornasse

331 2648 504 2710 putet?
604 2649 779 2699 Nonne
824 2664 962 2716 turpe
1011 2654 1091 2712 est,
1151 2654 1344 2710 brevem
1386 2656 1525 2721 hujus
1568 2658 1644 2705 vi..

335 2741 400 2784 tae
447 2730 654 2780 frustum
691 2735 740 2783 in
786 2737 889 2784 haec
935 2736 1212 2802 impendere
1237 2738 1255 2784 ?
1311 2740 1362 2785 in
1403 2752 1503 2789 tam
1547 2743 1642 2790 late

334 2812 657 2879 succrescent?
691 2834 849 2879 rerum
886 2820 1220 2882 discendarum.
1257 2821 1412 2890 segete
1445 2840 1640 2890 operam.

1591 2926 1641 2963 1ss
