<?xml version="1.0" encoding="UTF-8"?>
<!DOCTYPE html PUBLIC "-//W3C//DTD XHTML 1.0 Transitional//EN"
    "http://www.w3.org/TR/xhtml1/DTD/xhtml1-transitional.dtd">
<html xmlns="http://www.w3.org/1999/xhtml" xml:lang="en" lang="en">
 <head>
  <title>
</title>
<meta http-equiv="Content-Type" content="text/html;charset=utf-8" />
  <meta name='ocr-system' content='tesseract 3.04.00' />
  <meta name='ocr-capabilities' content='ocr_page ocr_carea ocr_par ocr_line ocrx_word'/>
</head>
<body>
  <div class='ocr_page' id='page_1' title='image "./operavarietatele03virguoft/operavarietatele03virguoft_0269.png"; bbox 0 0 1847 3313; ppageno 0'>
   <div class='ocr_carea' id='block_1_1' title="bbox 350 258 1176 330">
    <p class='ocr_par' dir='ltr' id='par_1_1' title="bbox 350 258 1176 330">
     <span class='ocr_line' id='line_1_1' title="bbox 350 258 1176 330; baseline -0.006 -8"><span class='ocrx_word' id='word_1_1' title='bbox 350 267 765 330; x_wconf 75' lang='lat' dir='ltr'><strong>AENEIDOS,</strong></span> <span class='ocrx_word' id='word_1_2' title='bbox 835 264 988 319; x_wconf 60' lang='grc' dir='ltr'>ΜΒ.</span> <span class='ocrx_word' id='word_1_3' title='bbox 1038 258 1176 318; x_wconf 68' lang='lat' dir='ltr'>Vni.</span> 
     </span>
    </p>
   </div>
   <div class='ocr_carea' id='block_1_2' title="bbox 1312 286 1402 335">
    <p class='ocr_par' dir='ltr' id='par_1_2' title="bbox 1312 286 1402 335">
     <span class='ocr_line' id='line_1_2' title="bbox 1312 286 1402 335; baseline 0.022 -2"><span class='ocrx_word' id='word_1_4' title='bbox 1312 286 1402 335; x_wconf 70' lang='lat'>255</span> 
     </span>
    </p>
   </div>
   <div class='ocr_carea' id='block_1_3' title="bbox 98 392 1409 466">
    <p class='ocr_par' dir='ltr' id='par_1_3' title="bbox 98 392 1409 466">
     <span class='ocr_line' id='line_1_3' title="bbox 98 392 1409 466; baseline -0.009 -15"><span class='ocrx_word' id='word_1_5' title='bbox 98 401 334 451; x_wconf 77' lang='lat' dir='ltr'>Finxerat.</span> <span class='ocrx_word' id='word_1_6' title='bbox 371 403 635 466; x_wconf 79' lang='lat' dir='ltr'>Euphrates</span> <span class='ocrx_word' id='word_1_7' title='bbox 660 403 756 448; x_wconf 80' lang='lat' dir='ltr'>ibat</span> <span class='ocrx_word' id='word_1_8' title='bbox 778 400 881 465; x_wconf 82' lang='lat' dir='ltr'>jam</span> <span class='ocrx_word' id='word_1_9' title='bbox 908 399 1101 446; x_wconf 85' lang='lat' dir='ltr'>mollior</span> <span class='ocrx_word' id='word_1_10' title='bbox 1123 397 1278 453; x_wconf 71' lang='lat' dir='ltr'>undi3‚</span> <span class='ocrx_word' id='word_1_11' title='bbox 1313 392 1409 456; x_wconf 75' lang='lat'><strong>726·</strong></span> 
     </span>
    </p>
   </div>
   <div class='ocr_carea' id='block_1_4' title="bbox 95 486 1407 554">
    <p class='ocr_par' dir='ltr' id='par_1_4' title="bbox 95 486 1407 554">
     <span class='ocr_line' id='line_1_4' title="bbox 95 486 1407 554; baseline -0.006 -14"><span class='ocrx_word' id='word_1_12' title='bbox 95 493 408 554; x_wconf 79' lang='lat' dir='ltr'>Extremique</span> <span class='ocrx_word' id='word_1_13' title='bbox 419 491 670 537; x_wconf 85' lang='lat' dir='ltr'>hominum</span> <span class='ocrx_word' id='word_1_14' title='bbox 683 489 881 545; x_wconf 81' lang='lat' dir='ltr'>Morini,</span> <span class='ocrx_word' id='word_1_15' title='bbox 893 487 1172 554; x_wconf 80' lang='lat' dir='ltr'><strong>Rhenusque</strong></span> <span class='ocrx_word' id='word_1_16' title='bbox 1182 486 1407 540; x_wconf 87' lang='lat' dir='ltr'>bicornis;</span> 
     </span>
    </p>
   </div>
   <div class='ocr_carea' id='block_1_5' title="bbox 92 616 604 699">
    <p class='ocr_par' dir='ltr' id='par_1_5' title="bbox 92 616 604 699">
     <span class='ocr_line' id='line_1_5' title="bbox 92 616 280 659; baseline -0.005 -11"><span class='ocrx_word' id='word_1_17' title='bbox 92 616 280 659; x_wconf 62' lang='lat' dir='ltr'>praescripti,</span> 
     </span>
     <span class='ocr_line' id='line_1_6' title="bbox 95 667 604 699; baseline -0.004 -1"><span class='ocrx_word' id='word_1_18' title='bbox 95 667 226 699; x_wconf 79' lang='lat' dir='ltr'>inferat.</span> <span class='ocrx_word' id='word_1_19' title='bbox 265 667 382 699; x_wconf 74' lang='lat' dir='ltr'>Geloncs</span> <span class='ocrx_word' id='word_1_20' title='bbox 401 667 463 696; x_wconf 88' lang='lat' dir='ltr'>duo</span> <span class='ocrx_word' id='word_1_21' title='bbox 494 668 604 696; x_wconf 83' lang='lat' dir='ltr'>Burm.</span> 
     </span>
    </p>
   </div>
   <div class='ocr_carea' id='block_1_6' title="bbox 607 684 692 689">
    <p class='ocr_par' dir='ltr' id='par_1_6' title="bbox 607 684 692 689">
     <span class='ocr_line' id='line_1_7' title="bbox 607 684 692 689; baseline 0 0"><span class='ocrx_word' id='word_1_22' title='bbox 607 684 692 689; x_wconf 95' lang='lat' dir='ltr'> </span> 
     </span>
    </p>
   </div>
   <div class='ocr_carea' id='block_1_7' title="bbox 328 611 1408 702">
    <p class='ocr_par' dir='ltr' id='par_1_7' title="bbox 328 611 1408 702">
     <span class='ocr_line' id='line_1_8' title="bbox 328 611 1408 654; baseline -0.006 -7"><span class='ocrx_word' id='word_1_23' title='bbox 328 615 420 647; x_wconf 83' lang='lat' dir='ltr'>Male</span> <span class='ocrx_word' id='word_1_24' title='bbox 449 615 547 646; x_wconf 79' lang='lat' dir='ltr'>etiam</span> <span class='ocrx_word' id='word_1_25' title='bbox 570 615 675 646; x_wconf 87' lang='lat' dir='ltr'>Cerda</span> <span class='ocrx_word' id='word_1_26' title='bbox 705 626 743 646; x_wconf 88' lang='lat' dir='ltr'>eo</span> <span class='ocrx_word' id='word_1_27' title='bbox 779 614 907 645; x_wconf 84' lang='lat' dir='ltr'>devenit</span> <span class='ocrx_word' id='word_1_28' title='bbox 939 621 976 644; x_wconf 85' lang='lat' dir='ltr'>ut</span> <span class='ocrx_word' id='word_1_29' title='bbox 1005 615 1132 646; x_wconf 69' lang='lat' dir='ltr'>Carrhas</span> <span class='ocrx_word' id='word_1_30' title='bbox 1166 611 1408 654; x_wconf 62' lang='lat' dir='ltr'>Mesopotamia:</span> 
     </span>
     <span class='ocr_line' id='line_1_9' title="bbox 696 664 1407 702; baseline -0.003 -5"><span class='ocrx_word' id='word_1_31' title='bbox 696 666 766 702; x_wconf 81' lang='lat'>726.</span> <span class='ocrx_word' id='word_1_32' title='bbox 790 667 930 697; x_wconf 68' lang='lat' dir='ltr'>‘finxerat</span> <span class='ocrx_word' id='word_1_33' title='bbox 958 666 1053 695; x_wconf 80' lang='lat' dir='ltr'>Rom.</span> <span class='ocrx_word' id='word_1_34' title='bbox 1099 667 1220 696; x_wconf 75' lang='lat' dir='ltr'>Fixerat</span> <span class='ocrx_word' id='word_1_35' title='bbox 1244 664 1299 695; x_wconf 84' lang='lat' dir='ltr'>alii</span> <span class='ocrx_word' id='word_1_36' title='bbox 1320 664 1407 695; x_wconf 73' lang='lat' dir='ltr'>Picr.</span> 
     </span>
    </p>
   </div>
   <div class='ocr_carea' id='block_1_8' title="bbox 95 716 1102 760">
    <p class='ocr_par' dir='ltr' id='par_1_8' title="bbox 95 716 1102 760">
     <span class='ocr_line' id='line_1_10' title="bbox 95 716 1102 760; baseline -0.005 -8"><span class='ocrx_word' id='word_1_37' title='bbox 95 721 238 752; x_wconf 69' lang='lat' dir='ltr'>Pinxerat</span> <span class='ocrx_word' id='word_1_38' title='bbox 260 719 390 760; x_wconf 86' lang='lat' dir='ltr'>quidam</span> <span class='ocrx_word' id='word_1_39' title='bbox 407 718 491 760; x_wconf 87' lang='lat' dir='ltr'>apud</span> <span class='ocrx_word' id='word_1_40' title='bbox 510 717 811 758; x_wconf 39' lang='lat' dir='ltr'>&#39;lauhun—⁸727.</span> <span class='ocrx_word' id='word_1_41' title='bbox 837 719 941 749; x_wconf 72' lang='lat' dir='ltr'>Not-ini</span> <span class='ocrx_word' id='word_1_42' title='bbox 959 716 1102 747; x_wconf 83' lang='lat' dir='ltr'>Parrhas.</span> 
     </span>
    </p>
   </div>
   <div class='ocr_carea' id='block_1_9' title="bbox 95 797 727 2965">
    <p class='ocr_par' dir='ltr' id='par_1_9' title="bbox 95 797 725 2190">
     <span class='ocr_line' id='line_1_11' title="bbox 95 797 719 848; baseline -0.003 -11"><span class='ocrx_word' id='word_1_43' title='bbox 95 798 194 837; x_wconf 79' lang='lat' dir='ltr'>enim</span> <span class='ocrx_word' id='word_1_44' title='bbox 215 798 251 835; x_wconf 88' lang='lat' dir='ltr'>in</span> <span class='ocrx_word' id='word_1_45' title='bbox 273 797 429 836; x_wconf 84' lang='lat' dir='ltr'>Antonii</span> <span class='ocrx_word' id='word_1_46' title='bbox 445 799 605 848; x_wconf 82' lang='lat' dir='ltr'>partibus</span> <span class='ocrx_word' id='word_1_47' title='bbox 620 811 719 848; x_wconf 84' lang='lat' dir='ltr'>mag-</span> 
     </span>
     <span class='ocr_line' id='line_1_12' title="bbox 95 850 721 900; baseline -0.002 -13"><span class='ocrx_word' id='word_1_48' title='bbox 95 864 143 887; x_wconf 90' lang='lat' dir='ltr'>na</span> <span class='ocrx_word' id='word_1_49' title='bbox 162 850 298 887; x_wconf 78' lang='lat' dir='ltr'>Africae</span> <span class='ocrx_word' id='word_1_50' title='bbox 312 863 391 900; x_wconf 77' lang='lat' dir='ltr'>pars</span> <span class='ocrx_word' id='word_1_51' title='bbox 406 864 425 886; x_wconf 91' lang='lat' dir='ltr'>a</span> <span class='ocrx_word' id='word_1_52' title='bbox 440 851 595 900; x_wconf 83' lang='lat' dir='ltr'>Cyrenis</span> <span class='ocrx_word' id='word_1_53' title='bbox 612 850 721 900; x_wconf 85' lang='lat' dir='ltr'>usque</span> 
     </span>
     <span class='ocr_line' id='line_1_13' title="bbox 96 902 722 951; baseline 0 -13"><span class='ocrx_word' id='word_1_54' title='bbox 96 902 144 938; x_wconf 84' lang='lat' dir='ltr'>ad</span> <span class='ocrx_word' id='word_1_55' title='bbox 188 902 433 951; x_wconf 84' lang='lat' dir='ltr'>AEthiopiam‚</span> <span class='ocrx_word' id='word_1_56' title='bbox 477 913 512 938; x_wconf 81' lang='lat' dir='ltr'>et</span> <span class='ocrx_word' id='word_1_57' title='bbox 558 902 722 939; x_wconf 77' lang='lat' dir='ltr'>interfuit</span> 
     </span>
     <span class='ocr_line' id='line_1_14' title="bbox 96 952 722 1004; baseline 0.002 -15"><span class='ocrx_word' id='word_1_58' title='bbox 96 953 254 991; x_wconf 84' lang='lat' dir='ltr'>Antonii</span> <span class='ocrx_word' id='word_1_59' title='bbox 281 953 397 1003; x_wconf 86' lang='lat' dir='ltr'>copiis</span> <span class='ocrx_word' id='word_1_60' title='bbox 428 953 593 1004; x_wconf 82' lang='lat' dir='ltr'>Bogudes</span> <span class='ocrx_word' id='word_1_61' title='bbox 613 952 722 990; x_wconf 79' lang='lat' dir='ltr'>Mau-</span> 
     </span>
     <span class='ocr_line' id='line_1_15' title="bbox 98 1005 720 1055; baseline 0.003 -14"><span class='ocrx_word' id='word_1_62' title='bbox 98 1005 356 1052; x_wconf 52' lang='lat' dir='ltr'>retaniaesex:</span> <span class='ocrx_word' id='word_1_63' title='bbox 389 1005 486 1043; x_wconf 87' lang='lat' dir='ltr'>Plut.</span> <span class='ocrx_word' id='word_1_64' title='bbox 517 1005 655 1042; x_wconf 83' lang='lat' dir='ltr'>Anton.</span> <span class='ocrx_word' id='word_1_65' title='bbox 684 1019 720 1055; x_wconf 83' lang='lat' dir='ltr'>p.</span> 
     </span>
     <span class='ocr_line' id='line_1_16' title="bbox 96 1056 724 1107; baseline 0 -14"><span class='ocrx_word' id='word_1_66' title='bbox 96 1069 176 1107; x_wconf 81' lang='lat'>944</span> <span class='ocrx_word' id='word_1_67' title='bbox 206 1057 247 1095; x_wconf 90' lang='lat' dir='ltr'>B.</span> <span class='ocrx_word' id='word_1_68' title='bbox 305 1056 380 1093; x_wconf 57' lang='lat' dir='ltr'>„Cio</span> <span class='ocrx_word' id='word_1_69' title='bbox 413 1057 458 1102; x_wconf 90' lang='lat' dir='ltr'>L,</span> <span class='ocrx_word' id='word_1_70' title='bbox 492 1059 528 1095; x_wconf 87' lang='lat'>6.</span> <span class='ocrx_word' id='word_1_71' title='bbox 555 1059 724 1107; x_wconf 67' lang='lat' dir='ltr'>discinllos</span> 
     </span>
     <span class='ocr_line' id='line_1_17' title="bbox 95 1108 724 1159; baseline -0.003 -13"><span class='ocrx_word' id='word_1_72' title='bbox 95 1110 201 1159; x_wconf 83' lang='lat' dir='ltr'>Afros</span> <span class='ocrx_word' id='word_1_73' title='bbox 213 1125 222 1154; x_wconf 85' lang='lat'>3</span> <span class='ocrx_word' id='word_1_74' title='bbox 252 1108 443 1146; x_wconf 85' lang='lat' dir='ltr'>mollitiem</span> <span class='ocrx_word' id='word_1_75' title='bbox 463 1109 650 1146; x_wconf 87' lang='lat' dir='ltr'>hominum</span> <span class='ocrx_word' id='word_1_76' title='bbox 669 1121 724 1145; x_wconf 86' lang='lat' dir='ltr'>ar-</span> 
     </span>
     <span class='ocr_line' id='line_1_18' title="bbox 97 1160 724 1210; baseline 0.002 -14"><span class='ocrx_word' id='word_1_77' title='bbox 97 1160 181 1210; x_wconf 81' lang='lat' dir='ltr'>guit</span> <span class='ocrx_word' id='word_1_78' title='bbox 201 1161 289 1198; x_wconf 85' lang='lat' dir='ltr'>veste</span> <span class='ocrx_word' id='word_1_79' title='bbox 306 1161 387 1197; x_wconf 82' lang='lat' dir='ltr'>laxa</span> <span class='ocrx_word' id='word_1_80' title='bbox 404 1170 440 1197; x_wconf 88' lang='lat' dir='ltr'>et</span> <span class='ocrx_word' id='word_1_81' title='bbox 463 1160 608 1197; x_wconf 85' lang='lat' dir='ltr'>fluente.</span> <span class='ocrx_word' id='word_1_82' title='bbox 662 1161 724 1197; x_wconf 89' lang='lat' dir='ltr'>An</span> 
     </span>
     <span class='ocr_line' id='line_1_19' title="bbox 98 1211 724 1262; baseline -0.002 -13"><span class='ocrx_word' id='word_1_83' title='bbox 98 1211 130 1249; x_wconf 88' lang='lat' dir='ltr'>is</span> <span class='ocrx_word' id='word_1_84' title='bbox 166 1211 332 1262; x_wconf 86' lang='lat' dir='ltr'>proprius</span> <span class='ocrx_word' id='word_1_85' title='bbox 368 1211 546 1249; x_wconf 77' lang='lat' dir='ltr'>Afrorum</span> <span class='ocrx_word' id='word_1_86' title='bbox 581 1211 724 1248; x_wconf 85' lang='lat' dir='ltr'>habitus</span> 
     </span>
     <span class='ocr_line' id='line_1_20' title="bbox 96 1262 721 1314; baseline 0.002 -15"><span class='ocrx_word' id='word_1_87' title='bbox 96 1263 222 1307; x_wconf 83' lang='lat' dir='ltr'>fuerit,</span> <span class='ocrx_word' id='word_1_88' title='bbox 241 1262 385 1300; x_wconf 81' lang='lat' dir='ltr'>aliunde</span> <span class='ocrx_word' id='word_1_89' title='bbox 403 1264 624 1314; x_wconf 83' lang='lat' dir='ltr'>ignoramus.</span> <span class='ocrx_word' id='word_1_90' title='bbox 657 1264 721 1300; x_wconf 84' lang='lat' dir='ltr'>Le-</span> 
     </span>
     <span class='ocr_line' id='line_1_21' title="bbox 96 1314 721 1366; baseline 0 -15"><span class='ocrx_word' id='word_1_91' title='bbox 96 1314 191 1366; x_wconf 82' lang='lat' dir='ltr'><em>legas</em></span> <span class='ocrx_word' id='word_1_92' title='bbox 226 1316 411 1366; x_wconf 71' lang='lat' dir='ltr'>Carasqm,</span> <span class='ocrx_word' id='word_1_93' title='bbox 463 1324 502 1352; x_wconf 85' lang='lat' dir='ltr'>ut</span> <span class='ocrx_word' id='word_1_94' title='bbox 535 1314 721 1352; x_wconf 75' lang='lat' dir='ltr'>nominum</span> 
     </span>
     <span class='ocr_line' id='line_1_22' title="bbox 98 1366 723 1417; baseline 0 -15"><span class='ocrx_word' id='word_1_95' title='bbox 98 1368 269 1404; x_wconf 87' lang='lat' dir='ltr'>vetustate</span> <span class='ocrx_word' id='word_1_96' title='bbox 308 1366 462 1403; x_wconf 82' lang='lat' dir='ltr'>carmini</span> <span class='ocrx_word' id='word_1_97' title='bbox 504 1366 723 1417; x_wconf 83' lang='lat' dir='ltr'>dignitatem</span> 
     </span>
     <span class='ocr_line' id='line_1_23' title="bbox 97 1417 725 1469; baseline 0 -15"><span class='ocrx_word' id='word_1_98' title='bbox 97 1428 254 1468; x_wconf 82' lang='lat' dir='ltr'>pararet,</span> <span class='ocrx_word' id='word_1_99' title='bbox 286 1417 405 1469; x_wconf 73' lang='lat' dir='ltr'>posuit</span> <span class='ocrx_word' id='word_1_100' title='bbox 430 1431 500 1468; x_wconf 85' lang='lat' dir='ltr'>pro</span> <span class='ocrx_word' id='word_1_101' title='bbox 531 1418 672 1468; x_wconf 85' lang='lat' dir='ltr'>populis</span> <span class='ocrx_word' id='word_1_102' title='bbox 690 1428 725 1455; x_wconf 90' lang='lat' dir='ltr'>et</span> 
     </span>
     <span class='ocr_line' id='line_1_24' title="bbox 99 1469 724 1520; baseline 0.002 -15"><span class='ocrx_word' id='word_1_103' title='bbox 99 1470 248 1520; x_wconf 78' lang='lat' dir='ltr'>regibus</span> <span class='ocrx_word' id='word_1_104' title='bbox 300 1469 449 1506; x_wconf 81' lang='lat' dir='ltr'>minoris</span> <span class='ocrx_word' id='word_1_105' title='bbox 492 1470 599 1511; x_wconf 78' lang='lat' dir='ltr'>Afiae,</span> <span class='ocrx_word' id='word_1_106' title='bbox 636 1483 724 1518; x_wconf 86' lang='lat' dir='ltr'>quos</span> 
     </span>
     <span class='ocr_line' id='line_1_25' title="bbox 98 1520 724 1570; baseline -0.002 -12"><span class='ocrx_word' id='word_1_107' title='bbox 98 1531 324 1559; x_wconf 82' lang='lat' dir='ltr'>enumeratos</span> <span class='ocrx_word' id='word_1_108' title='bbox 365 1520 464 1557; x_wconf 81' lang='lat' dir='ltr'>vides</span> <span class='ocrx_word' id='word_1_109' title='bbox 504 1521 598 1570; x_wconf 86' lang='lat' dir='ltr'>apud</span> <span class='ocrx_word' id='word_1_110' title='bbox 643 1521 724 1558; x_wconf 85' lang='lat' dir='ltr'>Plu-</span> 
     </span>
     <span class='ocr_line' id='line_1_26' title="bbox 99 1572 723 1622; baseline 0.002 -14"><span class='ocrx_word' id='word_1_111' title='bbox 99 1573 266 1610; x_wconf 86' lang='lat' dir='ltr'>tarchum</span> <span class='ocrx_word' id='word_1_112' title='bbox 285 1573 309 1610; x_wconf 85' lang='lat' dir='ltr'>l.</span> <span class='ocrx_word' id='word_1_113' title='bbox 328 1586 360 1610; x_wconf 88' lang='lat' dir='ltr'>c.</span> <span class='ocrx_word' id='word_1_114' title='bbox 391 1572 434 1609; x_wconf 82' lang='lat' dir='ltr'>B.-</span> <span class='ocrx_word' id='word_1_115' title='bbox 488 1573 649 1622; x_wconf 74' lang='lat' dir='ltr'>Leleges,</span> <span class='ocrx_word' id='word_1_116' title='bbox 677 1573 723 1609; x_wconf 87' lang='lat' dir='ltr'>de</span> 
     </span>
     <span class='ocr_line' id='line_1_27' title="bbox 100 1624 723 1674; baseline 0 -13"><span class='ocrx_word' id='word_1_117' title='bbox 100 1638 255 1674; x_wconf 87' lang='lat' dir='ltr'>quorum</span> <span class='ocrx_word' id='word_1_118' title='bbox 309 1624 451 1661; x_wconf 83' lang='lat' dir='ltr'>sedibus</span> <span class='ocrx_word' id='word_1_119' title='bbox 486 1624 612 1661; x_wconf 83' lang='lat' dir='ltr'>Strabo</span> <span class='ocrx_word' id='word_1_120' title='bbox 657 1625 723 1661; x_wconf 84' lang='lat' dir='ltr'>lib.</span> 
     </span>
     <span class='ocr_line' id='line_1_28' title="bbox 101 1675 723 1725; baseline 0 -13"><span class='ocrx_word' id='word_1_121' title='bbox 101 1675 202 1713; x_wconf 86' lang='lat' dir='ltr'><strong>XIII</strong></span> <span class='ocrx_word' id='word_1_122' title='bbox 230 1676 341 1712; x_wconf 88' lang='lat' dir='ltr'>multa</span> <span class='ocrx_word' id='word_1_123' title='bbox 358 1675 529 1725; x_wconf 76' lang='lat' dir='ltr'>disputat,</span> <span class='ocrx_word' id='word_1_124' title='bbox 547 1688 629 1711; x_wconf 82' lang='lat' dir='ltr'>curn</span> <span class='ocrx_word' id='word_1_125' title='bbox 647 1675 723 1712; x_wconf 76' lang='lat' dir='ltr'>Ca-</span> 
     </span>
     <span class='ocr_line' id='line_1_29' title="bbox 99 1726 724 1765; baseline 0 0"><span class='ocrx_word' id='word_1_126' title='bbox 99 1727 200 1765; x_wconf 83' lang='lat' dir='ltr'>ribus</span> <span class='ocrx_word' id='word_1_127' title='bbox 241 1741 341 1764; x_wconf 85' lang='lat' dir='ltr'>oram</span> <span class='ocrx_word' id='word_1_128' title='bbox 379 1727 472 1763; x_wconf 81' lang='lat' dir='ltr'>Afiae</span> <span class='ocrx_word' id='word_1_129' title='bbox 507 1726 724 1765; x_wconf 81' lang='lat' dir='ltr'>maritimam</span> 
     </span>
     <span class='ocr_line' id='line_1_30' title="bbox 101 1777 725 1827; baseline 0 -12"><span class='ocrx_word' id='word_1_130' title='bbox 101 1789 303 1823; x_wconf 83' lang='lat' dir='ltr'>tenuerant,</span> <span class='ocrx_word' id='word_1_131' title='bbox 339 1791 528 1827; x_wconf 80' lang='lat' dir='ltr'>antequam</span> <span class='ocrx_word' id='word_1_132' title='bbox 547 1777 592 1814; x_wconf 88' lang='lat' dir='ltr'>ab</span> <span class='ocrx_word' id='word_1_133' title='bbox 623 1778 725 1815; x_wconf 69' lang='lat' dir='ltr'>Ioni-</span> 
     </span>
     <span class='ocr_line' id='line_1_31' title="bbox 102 1829 722 1881; baseline 0 -14"><span class='ocrx_word' id='word_1_134' title='bbox 102 1829 168 1867; x_wconf 87' lang='lat' dir='ltr'>bus</span> <span class='ocrx_word' id='word_1_135' title='bbox 186 1830 289 1881; x_wconf 65' lang='lat' dir='ltr'>ejecti</span> <span class='ocrx_word' id='word_1_136' title='bbox 308 1831 353 1867; x_wconf 84' lang='lat' dir='ltr'>ad</span> <span class='ocrx_word' id='word_1_137' title='bbox 385 1830 553 1866; x_wconf 72' lang='lat' dir='ltr'>interiora</span> <span class='ocrx_word' id='word_1_138' title='bbox 579 1831 722 1867; x_wconf 72' lang='lat' dir='ltr'>receffc-</span> 
     </span>
     <span class='ocr_line' id='line_1_32' title="bbox 100 1881 723 1927; baseline 0.002 -9"><span class='ocrx_word' id='word_1_139' title='bbox 100 1891 197 1919; x_wconf 79' lang='lat' dir='ltr'>runt.</span> <span class='ocrx_word' id='word_1_140' title='bbox 253 1882 311 1919; x_wconf 86' lang='lat' dir='ltr'>De</span> <span class='ocrx_word' id='word_1_141' title='bbox 348 1881 420 1926; x_wconf 87' lang='lat' dir='ltr'>his,</span> <span class='ocrx_word' id='word_1_142' title='bbox 453 1895 519 1918; x_wconf 86' lang='lat' dir='ltr'>nec</span> <span class='ocrx_word' id='word_1_143' title='bbox 555 1883 599 1918; x_wconf 89' lang='lat' dir='ltr'>de</span> <span class='ocrx_word' id='word_1_144' title='bbox 627 1882 723 1927; x_wconf 84' lang='lat' dir='ltr'>aliis,</span> 
     </span>
     <span class='ocr_line' id='line_1_33' title="bbox 100 1932 724 1984; baseline 0.002 -14"><span class='ocrx_word' id='word_1_145' title='bbox 100 1933 294 1984; x_wconf 74' lang='lat' dir='ltr'>Lelegibus</span> <span class='ocrx_word' id='word_1_146' title='bbox 312 1934 347 1970; x_wconf 87' lang='lat' dir='ltr'>h.</span> <span class='ocrx_word' id='word_1_147' title='bbox 366 1934 391 1971; x_wconf 89' lang='lat' dir='ltr'>l.</span> <span class='ocrx_word' id='word_1_148' title='bbox 412 1932 545 1983; x_wconf 82' lang='lat' dir='ltr'>agitur.</span> <span class='ocrx_word' id='word_1_149' title='bbox 586 1933 724 1971; x_wconf 81' lang='lat' dir='ltr'>Frustra</span> 
     </span>
     <span class='ocr_line' id='line_1_34' title="bbox 101 1985 724 2022; baseline 0 0"><span class='ocrx_word' id='word_1_150' title='bbox 101 1986 149 2022; x_wconf 83' lang='lat' dir='ltr'>ad</span> <span class='ocrx_word' id='word_1_151' title='bbox 176 1985 295 2022; x_wconf 86' lang='lat' dir='ltr'>Dacos</span> <span class='ocrx_word' id='word_1_152' title='bbox 325 1995 360 2022; x_wconf 86' lang='lat' dir='ltr'>et</span> <span class='ocrx_word' id='word_1_153' title='bbox 396 1986 575 2022; x_wconf 78' lang='lat' dir='ltr'>Bastarnas</span> <span class='ocrx_word' id='word_1_154' title='bbox 593 1999 724 2022; x_wconf 84' lang='lat' dir='ltr'>nornen</span> 
     </span>
     <span class='ocr_line' id='line_1_35' title="bbox 102 2036 724 2086; baseline 0 -12"><span class='ocrx_word' id='word_1_155' title='bbox 102 2047 246 2074; x_wconf 84' lang='lat' dir='ltr'>revocat</span> <span class='ocrx_word' id='word_1_156' title='bbox 266 2036 449 2073; x_wconf 82' lang='lat' dir='ltr'>Massonus</span> <span class='ocrx_word' id='word_1_157' title='bbox 467 2036 503 2073; x_wconf 89' lang='lat' dir='ltr'>in</span> <span class='ocrx_word' id='word_1_158' title='bbox 523 2038 619 2086; x_wconf 75' lang='lat' dir='ltr'>Jmm</span> <span class='ocrx_word' id='word_1_159' title='bbox 646 2041 724 2085; x_wconf 61' lang='lat' dir='ltr'>refi-</span> 
     </span>
     <span class='ocr_line' id='line_1_36' title="bbox 104 2088 724 2139; baseline 0 -14"><span class='ocrx_word' id='word_1_160' title='bbox 104 2100 177 2125; x_wconf 83' lang='lat' dir='ltr'>rato</span> <span class='ocrx_word' id='word_1_161' title='bbox 211 2089 301 2125; x_wconf 54' lang='lat' dir='ltr'>teci.</span> <span class='ocrx_word' id='word_1_162' title='bbox 333 2088 389 2125; x_wconf 85' lang='grc' dir='ltr'>ΠΙ</span> <span class='ocrx_word' id='word_1_163' title='bbox 420 2101 454 2126; x_wconf 89' lang='lat' dir='ltr'>c.</span> <span class='ocrx_word' id='word_1_164' title='bbox 495 2103 530 2139; x_wconf 75' lang='grc' dir='ltr'>ς,</span> <span class='ocrx_word' id='word_1_165' title='bbox 560 2089 724 2125; x_wconf 69' lang='lat' dir='ltr'>adversus</span> 
     </span>
     <span class='ocr_line' id='line_1_37' title="bbox 101 2139 724 2190; baseline 0.002 -14"><span class='ocrx_word' id='word_1_166' title='bbox 101 2152 191 2189; x_wconf 86' lang='lat' dir='ltr'>quos</span> <span class='ocrx_word' id='word_1_167' title='bbox 210 2139 268 2176; x_wconf 88' lang='grc' dir='ltr'>Μ.</span> <span class='ocrx_word' id='word_1_168' title='bbox 289 2140 429 2177; x_wconf 77' lang='lat' dir='ltr'>Crassus</span> <span class='ocrx_word' id='word_1_169' title='bbox 445 2140 580 2177; x_wconf 84' lang='lat' dir='ltr'>bellum</span> <span class='ocrx_word' id='word_1_170' title='bbox 611 2140 724 2190; x_wconf 71' lang='lat' dir='ltr'>gestit.</span> 
     </span>
    </p>

    <p class='ocr_par' dir='ltr' id='par_1_10' title="bbox 102 2190 727 2807">
     <span class='ocr_line' id='line_1_38' title="bbox 152 2190 725 2240; baseline 0.003 -14"><span class='ocrx_word' id='word_1_171' title='bbox 152 2190 263 2228; x_wconf 76' lang='lat' dir='ltr'>eliore</span> <span class='ocrx_word' id='word_1_172' title='bbox 287 2191 365 2240; x_wconf 89' lang='lat' dir='ltr'>jure</span> <span class='ocrx_word' id='word_1_173' title='bbox 396 2192 441 2228; x_wconf 90' lang='lat' dir='ltr'>ad</span> <span class='ocrx_word' id='word_1_174' title='bbox 472 2191 603 2228; x_wconf 80' lang='lat' dir='ltr'>bellum</span> <span class='ocrx_word' id='word_1_175' title='bbox 634 2191 725 2229; x_wconf 84' lang='lat' dir='ltr'>illud</span> 
     </span>
     <span class='ocr_line' id='line_1_39' title="bbox 103 2241 725 2293; baseline 0 -14"><span class='ocrx_word' id='word_1_176' title='bbox 103 2241 231 2280; x_wconf 84' lang='lat' dir='ltr'>referas</span> <span class='ocrx_word' id='word_1_177' title='bbox 250 2242 399 2285; x_wconf 73' lang='lat' dir='ltr'>Gelonos,</span> <span class='ocrx_word' id='word_1_178' title='bbox 418 2256 507 2293; x_wconf 88' lang='lat' dir='ltr'>quos</span> <span class='ocrx_word' id='word_1_179' title='bbox 529 2257 594 2293; x_wconf 87' lang='lat' dir='ltr'>pro</span> <span class='ocrx_word' id='word_1_180' title='bbox 613 2243 725 2279; x_wconf 84' lang='lat' dir='ltr'>Dacis</span> 
     </span>
     <span class='ocr_line' id='line_1_40' title="bbox 102 2293 724 2344; baseline 0.005 -15"><span class='ocrx_word' id='word_1_181' title='bbox 102 2293 233 2330; x_wconf 87' lang='lat' dir='ltr'>vicinis</span> <span class='ocrx_word' id='word_1_182' title='bbox 256 2293 440 2330; x_wconf 83' lang='lat' dir='ltr'>nominare</span> <span class='ocrx_word' id='word_1_183' title='bbox 458 2294 590 2344; x_wconf 76' lang='lat' dir='ltr'>potuit.</span> <span class='ocrx_word' id='word_1_184' title='bbox 644 2296 724 2332; x_wconf 90' lang='lat' dir='ltr'>Nifi</span> 
     </span>
     <span class='ocr_line' id='line_1_41' title="bbox 103 2345 726 2394; baseline 0.002 -12"><span class='ocrx_word' id='word_1_185' title='bbox 103 2354 223 2382; x_wconf 86' lang='lat' dir='ltr'>tamen</span> <span class='ocrx_word' id='word_1_186' title='bbox 264 2358 329 2394; x_wconf 86' lang='lat' dir='ltr'>pro</span> <span class='ocrx_word' id='word_1_187' title='bbox 365 2345 584 2389; x_wconf 72' lang='lat' dir='ltr'>Thracibus,</span> <span class='ocrx_word' id='word_1_188' title='bbox 633 2348 726 2383; x_wconf 77' lang='lat' dir='ltr'>ultra</span> 
     </span>
     <span class='ocr_line' id='line_1_42' title="bbox 104 2396 722 2446; baseline 0.002 -13"><span class='ocrx_word' id='word_1_189' title='bbox 104 2410 193 2446; x_wconf 89' lang='lat' dir='ltr'>quos</span> <span class='ocrx_word' id='word_1_190' title='bbox 225 2396 280 2433; x_wconf 87' lang='lat' dir='ltr'>illi</span> <span class='ocrx_word' id='word_1_191' title='bbox 322 2396 532 2434; x_wconf 81' lang='lat' dir='ltr'>habitabant</span> <span class='ocrx_word' id='word_1_192' title='bbox 574 2397 636 2445; x_wconf 82' lang='lat' dir='ltr'>(cf.</span> <span class='ocrx_word' id='word_1_193' title='bbox 679 2399 722 2435; x_wconf 83' lang='lat' dir='ltr'>ad</span> 
     </span>
     <span class='ocr_line' id='line_1_43' title="bbox 106 2447 726 2499; baseline 0.002 -15"><span class='ocrx_word' id='word_1_194' title='bbox 106 2448 248 2498; x_wconf 86' lang='lat' dir='ltr'>Georg.</span> <span class='ocrx_word' id='word_1_195' title='bbox 278 2447 332 2490; x_wconf 93' lang='lat' dir='ltr'>II,</span> <span class='ocrx_word' id='word_1_196' title='bbox 371 2450 484 2499; x_wconf 78' lang='lat'>115),</span> <span class='ocrx_word' id='word_1_197' title='bbox 510 2448 600 2486; x_wconf 65' lang='lat' dir='ltr'>die-ti</span> <span class='ocrx_word' id='word_1_198' title='bbox 631 2450 726 2494; x_wconf 83' lang='lat' dir='ltr'>sunt,</span> 
     </span>
     <span class='ocr_line' id='line_1_44' title="bbox 104 2499 726 2550; baseline 0.003 -14"><span class='ocrx_word' id='word_1_199' title='bbox 104 2500 170 2549; x_wconf 90' lang='lat' dir='ltr'>qui</span> <span class='ocrx_word' id='word_1_200' title='bbox 202 2499 240 2537; x_wconf 87' lang='lat' dir='ltr'>in</span> <span class='ocrx_word' id='word_1_201' title='bbox 273 2499 432 2537; x_wconf 84' lang='lat' dir='ltr'>Antonii</span> <span class='ocrx_word' id='word_1_202' title='bbox 464 2500 581 2550; x_wconf 81' lang='lat' dir='ltr'>copiis</span> <span class='ocrx_word' id='word_1_203' title='bbox 613 2511 726 2538; x_wconf 84' lang='lat' dir='ltr'>erant.</span> 
     </span>
     <span class='ocr_line' id='line_1_45' title="bbox 106 2550 726 2602; baseline 0.003 -15"><span class='ocrx_word' id='word_1_204' title='bbox 106 2550 300 2596; x_wconf 79' lang='lat' dir='ltr'>Horatius,</span> <span class='ocrx_word' id='word_1_205' title='bbox 342 2551 406 2601; x_wconf 90' lang='lat' dir='ltr'>qui</span> <span class='ocrx_word' id='word_1_206' title='bbox 449 2552 538 2602; x_wconf 81' lang='lat' dir='ltr'>saepe</span> <span class='ocrx_word' id='word_1_207' title='bbox 572 2554 726 2602; x_wconf 71' lang='lat' dir='ltr'>populos</span> 
     </span>
     <span class='ocr_line' id='line_1_46' title="bbox 103 2600 725 2641; baseline 0.003 -2"><span class='ocrx_word' id='word_1_208' title='bbox 103 2600 275 2639; x_wconf 88' lang='lat' dir='ltr'>barbaros</span> <span class='ocrx_word' id='word_1_209' title='bbox 303 2603 396 2640; x_wconf 89' lang='lat' dir='ltr'>ultra</span> <span class='ocrx_word' id='word_1_210' title='bbox 424 2603 634 2641; x_wconf 79' lang='lat' dir='ltr'>Danubium</span> <span class='ocrx_word' id='word_1_211' title='bbox 655 2617 725 2641; x_wconf 88' lang='lat' dir='ltr'>me-</span> 
     </span>
     <span class='ocr_line' id='line_1_47' title="bbox 104 2654 727 2700; baseline 0.003 -10"><span class='ocrx_word' id='word_1_212' title='bbox 104 2664 237 2699; x_wconf 87' lang='lat' dir='ltr'>morat,</span> <span class='ocrx_word' id='word_1_213' title='bbox 269 2654 379 2691; x_wconf 89' lang='lat' dir='ltr'>modo</span> <span class='ocrx_word' id='word_1_214' title='bbox 410 2654 587 2700; x_wconf 78' lang='lat' dir='ltr'>Gelonos,</span> <span class='ocrx_word' id='word_1_215' title='bbox 618 2657 727 2693; x_wconf 87' lang='lat' dir='ltr'>modo</span> 
     </span>
     <span class='ocr_line' id='line_1_48' title="bbox 106 2704 726 2749; baseline 0.006 -8"><span class='ocrx_word' id='word_1_216' title='bbox 106 2704 237 2749; x_wconf 83' lang='lat' dir='ltr'>Getas,</span> <span class='ocrx_word' id='word_1_217' title='bbox 290 2705 400 2742; x_wconf 89' lang='lat' dir='ltr'>modo</span> <span class='ocrx_word' id='word_1_218' title='bbox 446 2707 622 2745; x_wconf 83' lang='lat' dir='ltr'>Sarmatas</span> <span class='ocrx_word' id='word_1_219' title='bbox 665 2717 726 2744; x_wconf 86' lang='lat' dir='ltr'>aut</span> 
     </span>
     <span class='ocr_line' id='line_1_49' title="bbox 107 2755 452 2807; baseline 0.006 -14"><span class='ocrx_word' id='word_1_220' title='bbox 107 2755 259 2807; x_wconf 66' lang='lat' dir='ltr'>Scythas</span> <span class='ocrx_word' id='word_1_221' title='bbox 275 2756 452 2795; x_wconf 74' lang='lat' dir='ltr'>nominat.</span> 
     </span>
    </p>

    <p class='ocr_par' dir='ltr' id='par_1_11' title="bbox 105 2807 727 2965">
     <span class='ocr_line' id='line_1_50' title="bbox 161 2807 726 2860; baseline -0.002 -13"><span class='ocrx_word' id='word_1_222' title='bbox 161 2811 248 2860; x_wconf 85' lang='lat'><strong>726.</strong></span> <span class='ocrx_word' id='word_1_223' title='bbox 275 2809 464 2858; x_wconf 77' lang='lat' dir='ltr'><em>Euphrates</em></span> <span class='ocrx_word' id='word_1_224' title='bbox 477 2809 550 2847; x_wconf 80' lang='lat' dir='ltr'>ibat</span> <span class='ocrx_word' id='word_1_225' title='bbox 553 2812 635 2860; x_wconf 75' lang='lat' dir='ltr'>jam</span> <span class='ocrx_word' id='word_1_226' title='bbox 648 2807 726 2848; x_wconf 84' lang='lat' dir='ltr'><em>mol-</em></span> 
     </span>
     <span class='ocr_line' id='line_1_51' title="bbox 105 2857 727 2906; baseline 0.002 -8"><span class='ocrx_word' id='word_1_227' title='bbox 105 2857 172 2898; x_wconf 77' lang='lat' dir='ltr'>lior</span> <span class='ocrx_word' id='word_1_228' title='bbox 193 2861 287 2897; x_wconf 64' lang='lat' dir='ltr'>unda·</span> <span class='ocrx_word' id='word_1_229' title='bbox 312 2860 350 2897; x_wconf 87' lang='lat' dir='ltr'>h.</span> <span class='ocrx_word' id='word_1_230' title='bbox 379 2860 512 2898; x_wconf 86' lang='lat' dir='ltr'>leniore</span> <span class='ocrx_word' id='word_1_231' title='bbox 539 2874 657 2906; x_wconf 87' lang='lat' dir='ltr'>amne,</span> <span class='ocrx_word' id='word_1_232' title='bbox 687 2872 727 2900; x_wconf 93' lang='lat' dir='ltr'>ut</span> 
     </span>
     <span class='ocr_line' id='line_1_52' title="bbox 105 2910 725 2965; baseline 0.006 -16"><span class='ocrx_word' id='word_1_233' title='bbox 105 2910 287 2953; x_wconf 73' lang='lat' dir='ltr'>domitum</span> <span class='ocrx_word' id='word_1_234' title='bbox 306 2911 397 2952; x_wconf 69' lang='lat' dir='ltr'>se&#39;ac</span> <span class='ocrx_word' id='word_1_235' title='bbox 423 2912 669 2965; x_wconf 79' lang='lat' dir='ltr'>subjugatum,</span> <span class='ocrx_word' id='word_1_236' title='bbox 688 2914 725 2955; x_wconf 84' lang='lat' dir='ltr'>h.</span> 
     </span>
    </p>
   </div>
   <div class='ocr_carea' id='block_1_10' title="bbox 784 794 1422 3014">
    <p class='ocr_par' dir='ltr' id='par_1_12' title="bbox 784 794 1422 2969">
     <span class='ocr_line' id='line_1_53' title="bbox 785 794 1410 848; baseline -0.006 -13"><span class='ocrx_word' id='word_1_237' title='bbox 785 812 817 837; x_wconf 87' lang='lat' dir='ltr'>e.</span> <span class='ocrx_word' id='word_1_238' title='bbox 859 798 1010 848; x_wconf 85' lang='lat' dir='ltr'>populos</span> <span class='ocrx_word' id='word_1_239' title='bbox 1044 797 1184 834; x_wconf 81' lang='lat' dir='ltr'>accolas</span> <span class='ocrx_word' id='word_1_240' title='bbox 1225 794 1337 832; x_wconf 69' lang='grc' dir='ltr'>νίἂοε</span> <span class='ocrx_word' id='word_1_241' title='bbox 1373 805 1410 832; x_wconf 79' lang='lat' dir='ltr'>et</span> 
     </span>
     <span class='ocr_line' id='line_1_54' title="bbox 785 844 1412 900; baseline -0.008 -13"><span class='ocrx_word' id='word_1_242' title='bbox 785 850 974 900; x_wconf 58' lang='lat' dir='ltr'>subjecws,</span> <span class='ocrx_word' id='word_1_243' title='bbox 1027 848 1255 898; x_wconf 71' lang='lat' dir='ltr'>significaret·</span> <span class='ocrx_word' id='word_1_244' title='bbox 1337 844 1412 883; x_wconf 77' lang='lat' dir='ltr'>Uti&#39;</span> 
     </span>
     <span class='ocr_line' id='line_1_55' title="bbox 786 897 1411 947; baseline -0.008 -9"><span class='ocrx_word' id='word_1_245' title='bbox 786 902 914 939; x_wconf 78' lang='lat' dir='ltr'>mollita</span> <span class='ocrx_word' id='word_1_246' title='bbox 942 901 1114 938; x_wconf 84' lang='lat' dir='ltr'>dicuntur</span> <span class='ocrx_word' id='word_1_247' title='bbox 1140 908 1176 935; x_wconf 90' lang='lat' dir='ltr'>et</span> <span class='ocrx_word' id='word_1_248' title='bbox 1194 897 1299 943; x_wconf 90' lang='lat' dir='ltr'>alibi,</span> <span class='ocrx_word' id='word_1_249' title='bbox 1329 911 1411 947; x_wconf 75' lang='lat' dir='ltr'>quae</span> 
     </span>
     <span class='ocr_line' id='line_1_56' title="bbox 786 950 1411 999; baseline -0.005 -10"><span class='ocrx_word' id='word_1_250' title='bbox 786 954 882 990; x_wconf 57' lang='lat' dir='ltr'>vieta</span> <span class='ocrx_word' id='word_1_251' title='bbox 917 966 959 990; x_wconf 86' lang='lat' dir='ltr'>ac</span> <span class='ocrx_word' id='word_1_252' title='bbox 993 951 1142 989; x_wconf 78' lang='lat' dir='ltr'>contusa</span> <span class='ocrx_word' id='word_1_253' title='bbox 1175 950 1411 999; x_wconf 68' lang='lat' dir='ltr'>coercitaque</span> 
     </span>
     <span class='ocr_line' id='line_1_57' title="bbox 786 1001 1412 1046; baseline -0.003 -5"><span class='ocrx_word' id='word_1_254' title='bbox 786 1003 880 1043; x_wconf 88' lang='lat' dir='ltr'>sunt.</span> <span class='ocrx_word' id='word_1_255' title='bbox 936 1005 998 1042; x_wconf 77' lang='lat' dir='ltr'>Sic</span> <span class='ocrx_word' id='word_1_256' title='bbox 1026 1003 1133 1041; x_wconf 78' lang='lat' dir='ltr'>molles</span> <span class='ocrx_word' id='word_1_257' title='bbox 1150 1008 1268 1046; x_wconf 81' lang='lat' dir='ltr'>animi,</span> <span class='ocrx_word' id='word_1_258' title='bbox 1297 1001 1412 1039; x_wconf 79' lang='lat' dir='ltr'>mollia</span> 
     </span>
     <span class='ocr_line' id='line_1_58' title="bbox 784 1053 1411 1094; baseline -0.008 0"><span class='ocrx_word' id='word_1_259' title='bbox 784 1059 894 1094; x_wconf 82' lang='lat' dir='ltr'>corda.</span> <span class='ocrx_word' id='word_1_260' title='bbox 950 1056 1094 1092; x_wconf 89' lang='lat' dir='ltr'>Notum</span> <span class='ocrx_word' id='word_1_261' title='bbox 1124 1063 1243 1090; x_wconf 83' lang='lat' dir='ltr'>autem</span> <span class='ocrx_word' id='word_1_262' title='bbox 1276 1053 1334 1090; x_wconf 79' lang='lat' dir='ltr'>vel</span> <span class='ocrx_word' id='word_1_263' title='bbox 1364 1065 1411 1090; x_wconf 73' lang='lat' dir='ltr'>ex</span> 
     </span>
     <span class='ocr_line' id='line_1_59' title="bbox 787 1107 1413 1157; baseline -0.005 -13"><span class='ocrx_word' id='word_1_264' title='bbox 787 1107 948 1146; x_wconf 72' lang='lat' dir='ltr'>Horatio</span> <span class='ocrx_word' id='word_1_265' title='bbox 964 1121 973 1145; x_wconf 91' lang='lat'>:</span> <span class='ocrx_word' id='word_1_266' title='bbox 994 1108 1047 1144; x_wconf 51' lang='lat' dir='ltr'>Mi</span> <span class='ocrx_word' id='word_1_267' title='bbox 1055 1110 1192 1157; x_wconf 81' lang='lat' dir='ltr'><em>dumque</em></span> <span class='ocrx_word' id='word_1_268' title='bbox 1189 1107 1319 1153; x_wconf 80' lang='lat' dir='ltr'>flumen</span> <span class='ocrx_word' id='word_1_269' title='bbox 1326 1121 1413 1156; x_wconf 80' lang='lat' dir='ltr'>gen-</span> 
     </span>
     <span class='ocr_line' id='line_1_60' title="bbox 784 1156 1413 1199; baseline -0.005 -2"><span class='ocrx_word' id='word_1_270' title='bbox 784 1160 870 1198; x_wconf 78' lang='lat' dir='ltr'>tibus</span> <span class='ocrx_word' id='word_1_271' title='bbox 887 1162 1036 1199; x_wconf 78' lang='lat' dir='ltr'>additum</span> <span class='ocrx_word' id='word_1_272' title='bbox 1059 1163 1160 1196; x_wconf 58' lang='lat' dir='ltr'>vallis</span> <span class='ocrx_word' id='word_1_273' title='bbox 1183 1163 1318 1194; x_wconf 83' lang='lat' dir='ltr'>minores</span> <span class='ocrx_word' id='word_1_274' title='bbox 1333 1156 1413 1194; x_wconf 80' lang='lat' dir='ltr'><em>vol-</em></span> 
     </span>
     <span class='ocr_line' id='line_1_61' title="bbox 787 1208 1412 1250; baseline -0.006 -1"><span class='ocrx_word' id='word_1_275' title='bbox 787 1229 868 1250; x_wconf 79' lang='lat' dir='ltr'>vere</span> <span class='ocrx_word' id='word_1_276' title='bbox 896 1212 1035 1249; x_wconf 57' lang='lat' dir='ltr'>&lt;vertices</span> <span class='ocrx_word' id='word_1_277' title='bbox 1048 1224 1061 1247; x_wconf 83' lang='lat'>.·</span> <span class='ocrx_word' id='word_1_278' title='bbox 1089 1209 1151 1248; x_wconf 83' lang='lat' dir='ltr'>etsi</span> <span class='ocrx_word' id='word_1_279' title='bbox 1169 1209 1241 1245; x_wconf 84' lang='lat' dir='ltr'>hoc</span> <span class='ocrx_word' id='word_1_280' title='bbox 1259 1208 1305 1245; x_wconf 85' lang='lat' dir='ltr'>ad</span> <span class='ocrx_word' id='word_1_281' title='bbox 1324 1208 1412 1246; x_wconf 74' lang='lat' dir='ltr'>seri-</span> 
     </span>
     <span class='ocr_line' id='line_1_62' title="bbox 787 1260 1413 1312; baseline -0.008 -11"><span class='ocrx_word' id='word_1_282' title='bbox 787 1276 865 1301; x_wconf 88' lang='lat' dir='ltr'>ores</span> <span class='ocrx_word' id='word_1_283' title='bbox 903 1277 1015 1300; x_wconf 86' lang='lat' dir='ltr'>annos</span> <span class='ocrx_word' id='word_1_284' title='bbox 1055 1261 1199 1312; x_wconf 59' lang='lat' dir='ltr'>speclat.</span> <span class='ocrx_word' id='word_1_285' title='bbox 1269 1260 1413 1311; x_wconf 86' lang='lat' dir='ltr'>Magno</span> 
     </span>
     <span class='ocr_line' id='line_1_63' title="bbox 788 1312 1411 1366; baseline -0.003 -16"><span class='ocrx_word' id='word_1_286' title='bbox 788 1329 870 1352; x_wconf 87' lang='lat' dir='ltr'>vero</span> <span class='ocrx_word' id='word_1_287' title='bbox 901 1315 1027 1366; x_wconf 84' lang='lat' dir='ltr'>spiritu</span> <span class='ocrx_word' id='word_1_288' title='bbox 1060 1315 1136 1351; x_wconf 81' lang='lat' dir='ltr'>haec</span> <span class='ocrx_word' id='word_1_289' title='bbox 1171 1312 1270 1349; x_wconf 61' lang='lat' dir='ltr'>dicta</span> <span class='ocrx_word' id='word_1_290' title='bbox 1303 1321 1338 1348; x_wconf 82' lang='lat' dir='ltr'>et</span> <span class='ocrx_word' id='word_1_291' title='bbox 1371 1313 1411 1349; x_wconf 88' lang='lat' dir='ltr'>in</span> 
     </span>
     <span class='ocr_line' id='line_1_64' title="bbox 787 1363 1413 1416; baseline -0.003 -13"><span class='ocrx_word' id='word_1_292' title='bbox 787 1368 902 1416; x_wconf 81' lang='lat' dir='ltr'>majus</span> <span class='ocrx_word' id='word_1_293' title='bbox 961 1367 1062 1405; x_wconf 47' lang='lat' dir='ltr'>aneia</span> <span class='ocrx_word' id='word_1_294' title='bbox 1123 1363 1413 1414; x_wconf 84' lang='lat' dir='ltr'>amplificataque</span> 
     </span>
     <span class='ocr_line' id='line_1_65' title="bbox 787 1415 1413 1456; baseline -0.005 -2"><span class='ocrx_word' id='word_1_295' title='bbox 787 1418 880 1456; x_wconf 85' lang='lat' dir='ltr'>sunt.</span> <span class='ocrx_word' id='word_1_296' title='bbox 938 1416 1118 1455; x_wconf 85' lang='lat' dir='ltr'>Adversus</span> <span class='ocrx_word' id='word_1_297' title='bbox 1146 1415 1295 1452; x_wconf 79' lang='lat' dir='ltr'>Parthos</span> <span class='ocrx_word' id='word_1_298' title='bbox 1312 1416 1413 1452; x_wconf 79' lang='lat' dir='ltr'>enirn</span> 
     </span>
     <span class='ocr_line' id='line_1_66' title="bbox 788 1467 1413 1507; baseline -0.002 -2"><span class='ocrx_word' id='word_1_299' title='bbox 788 1469 853 1507; x_wconf 92' lang='lat' dir='ltr'>illo</span> <span class='ocrx_word' id='word_1_300' title='bbox 872 1484 968 1507; x_wconf 81' lang='lat' dir='ltr'>anno</span> <span class='ocrx_word' id='word_1_301' title='bbox 995 1469 1088 1506; x_wconf 87' lang='lat' dir='ltr'>nihil</span> <span class='ocrx_word' id='word_1_302' title='bbox 1119 1467 1218 1504; x_wconf 88' lang='lat' dir='ltr'>aliud</span> <span class='ocrx_word' id='word_1_303' title='bbox 1247 1480 1312 1505; x_wconf 84' lang='lat' dir='ltr'>nec</span> <span class='ocrx_word' id='word_1_304' title='bbox 1339 1467 1413 1505; x_wconf 78' lang='lat' dir='ltr'>sus-</span> 
     </span>
     <span class='ocr_line' id='line_1_67' title="bbox 789 1516 1413 1571; baseline -0.002 -14"><span class='ocrx_word' id='word_1_305' title='bbox 789 1532 932 1571; x_wconf 81' lang='lat' dir='ltr'>ceptum</span> <span class='ocrx_word' id='word_1_306' title='bbox 977 1534 1042 1558; x_wconf 84' lang='lat' dir='ltr'>nec</span> <span class='ocrx_word' id='word_1_307' title='bbox 1081 1520 1232 1571; x_wconf 82' lang='lat' dir='ltr'>gestum,</span> <span class='ocrx_word' id='word_1_308' title='bbox 1267 1516 1413 1569; x_wconf 60' lang='lat' dir='ltr'>praeterss</span> 
     </span>
     <span class='ocr_line' id='line_1_68' title="bbox 789 1571 1415 1624; baseline 0 -16"><span class='ocrx_word' id='word_1_309' title='bbox 789 1586 896 1622; x_wconf 83' lang='lat' dir='ltr'>quam</span> <span class='ocrx_word' id='word_1_310' title='bbox 916 1573 1014 1624; x_wconf 86' lang='lat' dir='ltr'>quod</span> <span class='ocrx_word' id='word_1_311' title='bbox 1038 1571 1234 1621; x_wconf 81' lang='lat' dir='ltr'>Augustus,</span> <span class='ocrx_word' id='word_1_312' title='bbox 1249 1571 1415 1621; x_wconf 81' lang='lat' dir='ltr'>AEgypto</span> 
     </span>
     <span class='ocr_line' id='line_1_69' title="bbox 791 1622 1413 1674; baseline -0.002 -14"><span class='ocrx_word' id='word_1_313' title='bbox 791 1624 828 1660; x_wconf 90' lang='lat' dir='ltr'>in</span> <span class='ocrx_word' id='word_1_314' title='bbox 861 1625 1066 1674; x_wconf 66' lang='lat' dir='ltr'>potestatem</span> <span class='ocrx_word' id='word_1_315' title='bbox 1097 1637 1133 1674; x_wconf 82' lang='lat' dir='ltr'>p.</span> <span class='ocrx_word' id='word_1_316' title='bbox 1170 1622 1216 1658; x_wconf 84' lang='lat' dir='ltr'>R.</span> <span class='ocrx_word' id='word_1_317' title='bbox 1254 1624 1413 1668; x_wconf 63' lang='lat' dir='ltr'>redacta,</span> 
     </span>
     <span class='ocr_line' id='line_1_70' title="bbox 790 1673 1415 1726; baseline -0.002 -13"><span class='ocrx_word' id='word_1_318' title='bbox 790 1676 828 1712; x_wconf 89' lang='lat' dir='ltr'>in</span> <span class='ocrx_word' id='word_1_319' title='bbox 857 1677 998 1726; x_wconf 74' lang='lat' dir='ltr'>Syriam</span> <span class='ocrx_word' id='word_1_320' title='bbox 1029 1674 1180 1713; x_wconf 76' lang='lat' dir='ltr'>reversus</span> <span class='ocrx_word' id='word_1_321' title='bbox 1198 1673 1415 1712; x_wconf 78' lang='lat' dir='ltr'>Parthorum</span> 
     </span>
     <span class='ocr_line' id='line_1_71' title="bbox 788 1726 1412 1778; baseline -0.003 -14"><span class='ocrx_word' id='word_1_322' title='bbox 788 1728 925 1778; x_wconf 76' lang='lat' dir='ltr'>legatos</span> <span class='ocrx_word' id='word_1_323' title='bbox 957 1727 1087 1765; x_wconf 78' lang='lat' dir='ltr'>audiit.</span> <span class='ocrx_word' id='word_1_324' title='bbox 1115 1726 1164 1763; x_wconf 81' lang='lat' dir='ltr'>cf.</span> <span class='ocrx_word' id='word_1_325' title='bbox 1197 1727 1337 1776; x_wconf 80' lang='lat' dir='ltr'>Georg.</span> <span class='ocrx_word' id='word_1_326' title='bbox 1357 1726 1412 1770; x_wconf 87' lang='lat' dir='ltr'>H,</span> 
     </span>
     <span class='ocr_line' id='line_1_72' title="bbox 794 1778 1413 1824; baseline -0.003 -8"><span class='ocrx_word' id='word_1_327' title='bbox 794 1792 877 1824; x_wconf 78' lang='lat'>170.</span> <span class='ocrx_word' id='word_1_328' title='bbox 919 1779 992 1823; x_wconf 75' lang='lat' dir='ltr'>IV,</span> <span class='ocrx_word' id='word_1_329' title='bbox 1033 1779 1060 1817; x_wconf 90' lang='lat' dir='ltr'>f.</span> <span class='ocrx_word' id='word_1_330' title='bbox 1126 1778 1164 1814; x_wconf 75' lang='lat' dir='ltr'>Si</span> <span class='ocrx_word' id='word_1_331' title='bbox 1205 1790 1289 1814; x_wconf 89' lang='lat' dir='ltr'>vero</span> <span class='ocrx_word' id='word_1_332' title='bbox 1322 1779 1413 1822; x_wconf 80' lang='lat' dir='ltr'>haec,</span> 
     </span>
     <span class='ocr_line' id='line_1_73' title="bbox 788 1831 1411 1882; baseline -0.002 -16"><span class='ocrx_word' id='word_1_333' title='bbox 788 1844 868 1880; x_wconf 76' lang='lat' dir='ltr'>qnae</span> <span class='ocrx_word' id='word_1_334' title='bbox 902 1831 1097 1882; x_wconf 82' lang='lat' dir='ltr'>sequuntur</span> <span class='ocrx_word' id='word_1_335' title='bbox 1130 1843 1167 1866; x_wconf 90' lang='lat' dir='ltr'>V.</span> <span class='ocrx_word' id='word_1_336' title='bbox 1204 1833 1292 1878; x_wconf 78' lang='lat'><strong>726.</strong></span> <span class='ocrx_word' id='word_1_337' title='bbox 1322 1844 1411 1881; x_wconf 86' lang='lat'><strong>727.</strong></span> 
     </span>
     <span class='ocr_line' id='line_1_74' title="bbox 791 1881 1413 1933; baseline -0.002 -14"><span class='ocrx_word' id='word_1_338' title='bbox 791 1885 880 1933; x_wconf 85' lang='lat'>728,</span> <span class='ocrx_word' id='word_1_339' title='bbox 910 1884 952 1919; x_wconf 81' lang='lat' dir='ltr'>ad</span> <span class='ocrx_word' id='word_1_340' title='bbox 974 1881 1196 1932; x_wconf 67' lang='lat' dir='ltr'>triumphum</span> <span class='ocrx_word' id='word_1_341' title='bbox 1214 1881 1317 1918; x_wconf 73' lang='lat' dir='ltr'>illuni</span> <span class='ocrx_word' id='word_1_342' title='bbox 1338 1895 1413 1919; x_wconf 57' lang='lat' dir='ltr'>rcc-</span> 
     </span>
     <span class='ocr_line' id='line_1_75' title="bbox 791 1932 1415 1982; baseline -0.002 -11"><span class='ocrx_word' id='word_1_343' title='bbox 791 1945 825 1971; x_wconf 83' lang='lat' dir='ltr'>te</span> <span class='ocrx_word' id='word_1_344' title='bbox 869 1934 1085 1979; x_wconf 82' lang='lat' dir='ltr'>referuntur,</span> <span class='ocrx_word' id='word_1_345' title='bbox 1134 1932 1333 1982; x_wconf 78' lang='lat' dir='ltr'>Euphrates</span> <span class='ocrx_word' id='word_1_346' title='bbox 1378 1943 1415 1970; x_wconf 86' lang='lat' dir='ltr'>et</span> 
     </span>
     <span class='ocr_line' id='line_1_76' title="bbox 792 1984 1414 2035; baseline -0.002 -13"><span class='ocrx_word' id='word_1_347' title='bbox 792 1988 930 2024; x_wconf 63' lang='lat' dir='ltr'>Araxes</span> <span class='ocrx_word' id='word_1_348' title='bbox 979 1999 1061 2024; x_wconf 84' lang='lat' dir='ltr'>cum</span> <span class='ocrx_word' id='word_1_349' title='bbox 1107 1985 1223 2023; x_wconf 75' lang='lat' dir='ltr'>Dahis</span> <span class='ocrx_word' id='word_1_350' title='bbox 1264 1984 1414 2035; x_wconf 74' lang='lat' dir='ltr'>poetico</span> 
     </span>
     <span class='ocr_line' id='line_1_77' title="bbox 791 2035 1411 2088; baseline -0.003 -14"><span class='ocrx_word' id='word_1_351' title='bbox 791 2052 890 2075; x_wconf 87' lang='lat' dir='ltr'>more</span> <span class='ocrx_word' id='word_1_352' title='bbox 919 2039 1070 2088; x_wconf 76' lang='lat' dir='ltr'>populos</span> <span class='ocrx_word' id='word_1_353' title='bbox 1103 2035 1268 2073; x_wconf 70' lang='lat' dir='ltr'>Orientis</span> <span class='ocrx_word' id='word_1_354' title='bbox 1298 2037 1411 2087; x_wconf 76' lang='lat' dir='ltr'>defig-</span> 
     </span>
     <span class='ocr_line' id='line_1_78' title="bbox 791 2087 1414 2139; baseline -0.003 -13"><span class='ocrx_word' id='word_1_355' title='bbox 791 2101 892 2132; x_wconf 79' lang='lat' dir='ltr'>nant,</span> <span class='ocrx_word' id='word_1_356' title='bbox 929 2091 990 2139; x_wconf 87' lang='lat' dir='ltr'>qui</span> <span class='ocrx_word' id='word_1_357' title='bbox 1032 2088 1234 2125; x_wconf 70' lang='lat' dir='ltr'>Antonium</span> <span class='ocrx_word' id='word_1_358' title='bbox 1273 2087 1414 2138; x_wconf 78' lang='lat' dir='ltr'>sequuti</span> 
     </span>
     <span class='ocr_line' id='line_1_79' title="bbox 790 2139 1416 2185; baseline -0.002 -8"><span class='ocrx_word' id='word_1_359' title='bbox 790 2153 905 2185; x_wconf 85' lang='lat' dir='ltr'>erant,</span> <span class='ocrx_word' id='word_1_360' title='bbox 925 2140 1067 2178; x_wconf 80' lang='lat' dir='ltr'>Morini</span> <span class='ocrx_word' id='word_1_361' title='bbox 1082 2151 1198 2177; x_wconf 83' lang='lat' dir='ltr'>autem</span> <span class='ocrx_word' id='word_1_362' title='bbox 1214 2149 1249 2176; x_wconf 87' lang='lat' dir='ltr'>et</span> <span class='ocrx_word' id='word_1_363' title='bbox 1264 2139 1416 2177; x_wconf 87' lang='lat' dir='ltr'>Rhenus</span> 
     </span>
     <span class='ocr_line' id='line_1_80' title="bbox 791 2191 1416 2244; baseline -0.002 -15"><span class='ocrx_word' id='word_1_364' title='bbox 791 2193 1014 2244; x_wconf 82' lang='lat' dir='ltr'>triumphum</span> <span class='ocrx_word' id='word_1_365' title='bbox 1043 2192 1155 2242; x_wconf 80' lang='lat' dir='ltr'>primi</span> <span class='ocrx_word' id='word_1_366' title='bbox 1172 2191 1246 2228; x_wconf 67' lang='lat' dir='ltr'>diei</span> <span class='ocrx_word' id='word_1_367' title='bbox 1265 2191 1416 2229; x_wconf 81' lang='lat' dir='ltr'>Dalma-</span> 
     </span>
     <span class='ocr_line' id='line_1_81' title="bbox 792 2244 1416 2295; baseline 0 -15"><span class='ocrx_word' id='word_1_368' title='bbox 792 2245 905 2281; x_wconf 73' lang='lat' dir='ltr'>ticum</span> <span class='ocrx_word' id='word_1_369' title='bbox 926 2245 1135 2295; x_wconf 85' lang='lat' dir='ltr'>respiciunt,</span> <span class='ocrx_word' id='word_1_370' title='bbox 1153 2256 1226 2294; x_wconf 87' lang='lat' dir='ltr'>quo</span> <span class='ocrx_word' id='word_1_371' title='bbox 1240 2244 1349 2281; x_wconf 82' lang='lat' dir='ltr'>etiarn</span> <span class='ocrx_word' id='word_1_372' title='bbox 1369 2245 1416 2280; x_wconf 85' lang='lat' dir='ltr'>de</span> 
     </span>
     <span class='ocr_line' id='line_1_82' title="bbox 792 2294 1417 2338; baseline 0 -6"><span class='ocrx_word' id='word_1_373' title='bbox 792 2295 965 2338; x_wconf 81' lang='lat' dir='ltr'>Morinis,</span> <span class='ocrx_word' id='word_1_374' title='bbox 996 2307 1165 2333; x_wconf 71' lang='lat' dir='ltr'>extremae</span> <span class='ocrx_word' id='word_1_375' title='bbox 1189 2308 1261 2332; x_wconf 82' lang='lat' dir='ltr'>orae</span> <span class='ocrx_word' id='word_1_376' title='bbox 1279 2294 1417 2332; x_wconf 67' lang='lat' dir='ltr'>Gallice</span> 
     </span>
     <span class='ocr_line' id='line_1_83' title="bbox 792 2346 1417 2398; baseline 0.002 -15"><span class='ocrx_word' id='word_1_377' title='bbox 792 2346 949 2398; x_wconf 81' lang='lat' dir='ltr'>Belgicae</span> <span class='ocrx_word' id='word_1_378' title='bbox 985 2350 1028 2385; x_wconf 80' lang='lat' dir='ltr'>ad</span> <span class='ocrx_word' id='word_1_379' title='bbox 1066 2348 1199 2385; x_wconf 72' lang='lat' dir='ltr'>fretum</span> <span class='ocrx_word' id='word_1_380' title='bbox 1236 2347 1417 2384; x_wconf 79' lang='lat' dir='ltr'>Britanni-</span> 
     </span>
     <span class='ocr_line' id='line_1_84' title="bbox 791 2399 1416 2450; baseline 0.003 -15"><span class='ocrx_word' id='word_1_381' title='bbox 791 2413 874 2436; x_wconf 83' lang='lat' dir='ltr'>cum</span> <span class='ocrx_word' id='word_1_382' title='bbox 902 2401 1038 2450; x_wconf 78' lang='lat' dir='ltr'>populo</span> <span class='ocrx_word' id='word_1_383' title='bbox 1074 2399 1186 2448; x_wconf 80' lang='lat' dir='ltr'>(unde</span> <span class='ocrx_word' id='word_1_384' title='bbox 1202 2406 1345 2437; x_wconf 83' lang='lat' dir='ltr'>extremi</span> <span class='ocrx_word' id='word_1_385' title='bbox 1359 2400 1416 2437; x_wconf 76' lang='lat' dir='ltr'>ho-</span> 
     </span>
     <span class='ocr_line' id='line_1_85' title="bbox 791 2452 1422 2496; baseline 0.002 -9"><span class='ocrx_word' id='word_1_386' title='bbox 791 2455 914 2489; x_wconf 77' lang='lat' dir='ltr'>minum</span> <span class='ocrx_word' id='word_1_387' title='bbox 933 2453 1072 2496; x_wconf 70' lang='grc' dir='ltr'><em>Μονίηὶ,</em></span> <span class='ocrx_word' id='word_1_388' title='bbox 1092 2461 1131 2488; x_wconf 89' lang='lat' dir='ltr'>ut</span> <span class='ocrx_word' id='word_1_389' title='bbox 1148 2452 1259 2489; x_wconf 73' lang='lat' dir='ltr'>ultimi</span> <span class='ocrx_word' id='word_1_390' title='bbox 1274 2453 1422 2488; x_wconf 70' lang='lat' dir='ltr'>Britan-&#39;</span> 
     </span>
     <span class='ocr_line' id='line_1_86' title="bbox 791 2503 1417 2554; baseline -0.003 -14"><span class='ocrx_word' id='word_1_391' title='bbox 791 2510 840 2545; x_wconf 66' lang='grc' dir='ltr'>πί,</span> <span class='ocrx_word' id='word_1_392' title='bbox 868 2504 988 2540; x_wconf 70' lang='lat' dir='ltr'>ultima</span> <span class='ocrx_word' id='word_1_393' title='bbox 1012 2505 1055 2540; x_wconf 89' lang='lat' dir='ltr'><em>H</em></span> <span class='ocrx_word' id='word_1_394' title='bbox 1053 2507 1185 2554; x_wconf 72' lang='lat' dir='ltr'>speria,</span> <span class='ocrx_word' id='word_1_395' title='bbox 1217 2503 1311 2553; x_wconf 80' lang='lat' dir='ltr'>apud</span> <span class='ocrx_word' id='word_1_396' title='bbox 1334 2503 1417 2539; x_wconf 62' lang='lat' dir='ltr'>Hos</span> 
     </span>
     <span class='ocr_line' id='line_1_87' title="bbox 792 2553 1417 2601; baseline 0.002 -10"><span class='ocrx_word' id='word_1_397' title='bbox 792 2555 955 2601; x_wconf 79' lang='lat' dir='ltr'>ratium),</span> <span class='ocrx_word' id='word_1_398' title='bbox 993 2565 1028 2592; x_wconf 86' lang='lat' dir='ltr'>et</span> <span class='ocrx_word' id='word_1_399' title='bbox 1065 2555 1246 2592; x_wconf 87' lang='lat' dir='ltr'>nonnullis</span> <span class='ocrx_word' id='word_1_400' title='bbox 1281 2553 1417 2592; x_wconf 82' lang='lat' dir='ltr'>Galliae</span> 
     </span>
     <span class='ocr_line' id='line_1_88' title="bbox 794 2605 1418 2658; baseline 0 -16"><span class='ocrx_word' id='word_1_401' title='bbox 794 2606 1073 2658; x_wconf 61' lang='lat' dir='ltr'>Germaniasque</span> <span class='ocrx_word' id='word_1_402' title='bbox 1115 2607 1258 2657; x_wconf 85' lang='lat' dir='ltr'>populis</span> <span class='ocrx_word' id='word_1_403' title='bbox 1304 2605 1418 2643; x_wconf 80' lang='lat' dir='ltr'>rebel-</span> 
     </span>
     <span class='ocr_line' id='line_1_89' title="bbox 792 2657 1415 2709; baseline 0 -15"><span class='ocrx_word' id='word_1_404' title='bbox 792 2657 904 2694; x_wconf 83' lang='lat' dir='ltr'>lionis</span> <span class='ocrx_word' id='word_1_405' title='bbox 933 2657 1055 2703; x_wconf 60' lang='lat' dir='ltr'>sociis,</span> <span class='ocrx_word' id='word_1_406' title='bbox 1087 2658 1254 2709; x_wconf 84' lang='lat' dir='ltr'>inprimis</span> <span class='ocrx_word' id='word_1_407' title='bbox 1289 2657 1415 2695; x_wconf 86' lang='lat' dir='ltr'>Suevis</span> 
     </span>
     <span class='ocr_line' id='line_1_90' title="bbox 793 2708 1414 2760; baseline 0.002 -14"><span class='ocrx_word' id='word_1_408' title='bbox 793 2708 961 2746; x_wconf 82' lang='lat' dir='ltr'>Rhenum</span> <span class='ocrx_word' id='word_1_409' title='bbox 987 2710 1218 2760; x_wconf 84' lang='lat' dir='ltr'>transgreffis‚</span> <span class='ocrx_word' id='word_1_410' title='bbox 1248 2718 1284 2746; x_wconf 88' lang='lat' dir='ltr'>et</span> <span class='ocrx_word' id='word_1_411' title='bbox 1314 2722 1335 2746; x_wconf 83' lang='lat' dir='ltr'>a</span> <span class='ocrx_word' id='word_1_412' title='bbox 1366 2710 1414 2748; x_wconf 80' lang='lat' dir='ltr'>C.</span> 
     </span>
     <span class='ocr_line' id='line_1_91' title="bbox 793 2760 1417 2813; baseline 0.002 -16"><span class='ocrx_word' id='word_1_413' title='bbox 793 2760 966 2797; x_wconf 77' lang='lat' dir='ltr'>Casinate</span> <span class='ocrx_word' id='word_1_414' title='bbox 1003 2762 1173 2813; x_wconf 73' lang='lat' dir='ltr'>repressis,</span> <span class='ocrx_word' id='word_1_415' title='bbox 1216 2761 1417 2812; x_wconf 84' lang='lat' dir='ltr'>triumpha-</span> 
     </span>
     <span class='ocr_line' id='line_1_92' title="bbox 792 2812 1415 2858; baseline 0.005 -10"><span class='ocrx_word' id='word_1_416' title='bbox 792 2820 870 2849; x_wconf 83' lang='lat' dir='ltr'>tum</span> <span class='ocrx_word' id='word_1_417' title='bbox 903 2812 999 2857; x_wconf 78' lang='lat' dir='ltr'>fuit3</span> <span class='ocrx_word' id='word_1_418' title='bbox 1046 2828 1080 2852; x_wconf 76' lang='grc' dir='ltr'>ν,</span> <span class='ocrx_word' id='word_1_419' title='bbox 1124 2813 1199 2850; x_wconf 88' lang='lat' dir='ltr'>Dio</span> <span class='ocrx_word' id='word_1_420' title='bbox 1237 2813 1304 2858; x_wconf 91' lang='lat' dir='ltr'>LI,</span> <span class='ocrx_word' id='word_1_421' title='bbox 1350 2826 1415 2851; x_wconf 84' lang='lat'>21.</span> 
     </span>
     <span class='ocr_line' id='line_1_93' title="bbox 792 2862 1417 2922; baseline 0.003 -22"><span class='ocrx_word' id='word_1_422' title='bbox 792 2862 941 2901; x_wconf 87' lang='lat' dir='ltr'>Rhenus</span> <span class='ocrx_word' id='word_1_423' title='bbox 991 2865 1141 2911; x_wconf 81' lang='lat' dir='ltr'>bicornis,</span> <span class='ocrx_word' id='word_1_424' title='bbox 1186 2864 1338 2902; x_wconf 81' lang='lat' dir='ltr'>Vahalis</span> <span class='ocrx_word' id='word_1_425' title='bbox 1380 2876 1417 2922; x_wconf 67' lang='lat' dir='ltr'>ef</span> 
     </span>
     <span class='ocr_line' id='line_1_94' title="bbox 791 2914 1417 2969; baseline 0.002 -16"><span class='ocrx_word' id='word_1_426' title='bbox 791 2914 956 2960; x_wconf 75' lang='lat' dir='ltr'>Rhenus,</span> <span class='ocrx_word' id='word_1_427' title='bbox 976 2927 1014 2955; x_wconf 86' lang='lat' dir='ltr'>ut</span> <span class='ocrx_word' id='word_1_428' title='bbox 1033 2927 1110 2958; x_wconf 83' lang='lat' dir='ltr'>tum</span> <span class='ocrx_word' id='word_1_429' title='bbox 1128 2917 1277 2969; x_wconf 81' lang='lat' dir='ltr'>quidem</span> <span class='ocrx_word' id='word_1_430' title='bbox 1294 2917 1417 2955; x_wconf 83' lang='lat' dir='ltr'>cursus</span> 
     </span>
    </p>

    <p class='ocr_par' dir='ltr' id='par_1_13' title="bbox 1206 2970 1420 3014">
     <span class='ocr_line' id='line_1_95' title="bbox 1206 2970 1420 3014; baseline -0.009 -6"><span class='ocrx_word' id='word_1_431' title='bbox 1206 2970 1231 3008; x_wconf 87' lang='lat'><em>6</em></span> <span class='ocrx_word' id='word_1_432' title='bbox 1326 2979 1420 3014; x_wconf 84' lang='lat' dir='ltr'>erat,</span> 
     </span>
    </p>
   </div>
  </div>
 </body>
</html>
