1847 3313
357 314 448 351 122
740 297 1238 346 EXCURSUS
1296 298 1319 344 I

363 433 471 472 debet
490 433 534 478 is,
567 433 627 471 cui
646 433 720 470 haec
740 433 881 471 Caietae
900 434 1114 471 memoratio
1132 433 1239 471 nimis
1258 432 1404 470 videtur
1420 432 1486 470 css‘e
1506 433 1621 471 tenuis
1639 442 1675 472 et

360 492 467 544 epico
492 493 618 544 spiritu
639 493 803 543 indigna.
857 493 941 531 Hoc
964 502 1082 530 tamen
1105 507 1226 530 verum
1251 493 1318 536 est,
1352 493 1428 542 post
1460 491 1607 529 fimilem
1631 492 1676 530 de

360 551 509 589 Miseno
527 562 563 590 et
583 552 754 590 Palinuro
772 553 1015 590 narrationem
1033 553 1231 589 novitatem
1250 550 1334 588 huic
1355 550 1496 588 Caietae
1515 564 1675 588 comme-

364 613 560 650 morationi
579 613 702 650 deesse.
760 614 841 650 Nec
857 614 927 649 hoc
948 626 1020 648 non
1043 611 1175 648 sensisse
1194 611 1310 648 videri
1328 611 1439 660 potest
1457 614 1582 660 poeta,
1613 608 1676 659 qui

362 672 512 711 similem
525 672 631 709 aliam
650 672 695 709 de
713 673 826 723 Baja‚
852 669 988 707 Euxini
1010 679 1136 711 matre,
1151 669 1310 706 fabulam
1331 668 1477 714 (Victor
1493 667 1543 705 O.
1559 668 1612 705 G.
1630 668 1678 705 R-

370 734 431 777 10)
451 744 521 769 non
541 731 663 782 attigit
681 744 689 768 :
719 744 784 768 nec
816 730 1002 776 Leucqfiom
1020 727 1171 764 insulam
1189 727 1228 764 in
1247 726 1322 763 sinu
1342 726 1498 764 Paestano
1515 739 1535 763 a
1553 726 1679 764 conso-

364 791 469 829 brina
488 792 614 829 AEneae
631 799 694 826 aut
713 787 911 839 Prochytam
930 787 976 823 ab
988 788 1063 836 ejus
1077 796 1235 836 ,cognata
1254 785 1305 822 ibi
1324 785 1460 835 sepulta
1497 789 1547 834 (v.
1585 784 1680 822 Dio-

365 851 443 900 nys.
472 850 506 894 I,
542 849 607 901 53)
655 849 866 899 appellatam
902 859 1100 883 memorare
1131 845 1261 882 voluit.
1318 845 1398 883 Nec
1432 844 1503 882 fine
1533 843 1680 894 judicio

365 910 484 949 videri
499 911 605 947 debet
624 907 774 946 omisisse
791 906 861 945 alia
874 919 1032 944 errorum
1049 906 1170 942 AEneae
1184 904 1222 942 in
1236 905 1292 942 his
1305 904 1397 942 locis
1408 904 1555 955 vestigia
1569 904 1680 954 vulgo

365 970 517 1015 credita,
546 983 624 1020 quae
642 969 788 1020 poetica
811 976 884 1004 arte
902 965 1044 1003 tractari
1066 965 1128 1002 vix
1146 972 1326 1015 poterant,
1358 974 1397 1001 ut
1427 964 1612 1001 AEnariam
1629 971 1682 1000 in-

350 1031 470 1080 sulam
488 1047 512 1067 a
532 1032 678 1080 statione
703 1033 847 1065 navium
864 1027 997 1065 AEneoe
1024 1024 1157 1061 difflam
1176 1038 1231 1074 ap.
1268 1023 1363 1061 Plin.
1397 1022 1471 1067 ΠΙ,
1507 1023 1531 1060 6
1549 1022 1576 1061 s.
1619 1035 1679 1062 12.

364 1091 468 1143 Qid
491 1092 504 1127 ?
539 1089 639 1140 quod
657 1089 746 1125 adeo
763 1087 809 1124 ad
823 1086 1028 1124 Sardiniam
1047 1085 1229 1134 Trojanos
1250 1082 1414 1121 nonnulli
1434 1092 1595 1121 veterum
1614 1083 1681 1120 de·

362 1151 544 1188 duxerant
564 1165 574 1195 ;
605 1160 732 1198 parum
750 1146 870 1188 docte,
905 1154 1007 1194 puto,
1035 1153 1071 1181 et
1095 1157 1140 1180 ex
1167 1142 1260 1180 Iolai
1286 1144 1447 1185 nomine,
1470 1142 1517 1179 de
1534 1155 1608 1193 quo
1627 1152 1681 1180 tot

363 1209 496 1249 fabulae
514 1208 553 1244 in
572 1206 747 1244 Sardiniae
765 1204 968 1256 originibus
985 1203 1175 1245 habemur,
1199 1200 1371 1253 opinione
1395 1201 1504 1238 ducta
1521 1214 1531 1238 :
1575 1203 1680 1240 Paus.

366 1268 424 1313 X,
451 1282 509 1319 17,
528 1281 564 1318 p.
588 1268 658 1317 837
679 1274 770 1302 extr.

419 1328 601 1365 Caeterum
622 1335 716 1362 totus
735 1324 795 1360 ille
811 1322 948 1359 littoris
966 1322 1097 1358 uanus
1117 1320 1248 1358 fabulis
1268 1319 1395 1371 priscis
1413 1319 1612 1358 inclaruit:
1642 1330 1682 1358 ut

366 1397 469 1426 tanto
501 1385 616 1437 magis
651 1388 761 1434 po'eta
793 1383 907 1419 noster
937 1381 1126 1430 decerpere
1157 1380 1203 1416 de
1233 1380 1280 1417 iis
1307 1378 1474 1416 nonnihil
1509 1380 1681 1429 potuerit.
1737 1419 1742 1422 ,

366 1447 457 1484 Non
477 1446 584 1496 longe
603 1458 623 1481 a
643 1443 769 1481 Caieta
788 1441 934 1478 aberant
962 1439 1130 1481 Formiae,
1150 1438 1420 1488 Laestrygonum
1439 1436 1598 1476 ferorum
1615 1439 1682 1476 ho-

367 1506 524 1549 minum,
558 1503 621 1553 qui
651 1514 759 1539 carne
789 1501 945 1537 humana
974 1498 1068 1535 vesci
1105 1497 1283 1544 solebant,
1317 1499 1413 1536 sedes
1441 1498 1485 1534 ab
1516 1497 1683 1536 Homero

363 1564 588 1603 nobilitatae:
620 1562 714 1599 unde
742 1560 832 1597 adeo
866 1558 957 1595 Silio
994 1556 1107 1601 VIII,
1148 1570 1215 1608 53¹
1249 1569 1394 1610 regnata
1421 1558 1526 1595 Lamo
1555 1559 1682 1596 Caieta

365 1625 464 1663 dic'ta
482 1624 543 1660 est.
601 1621 684 1659 Nec
713 1620 805 1657 male
832 1617 991 1655 Ovidius
1021 1616 1117 1654 Met.
1155 1616 1271 1662 XIV,
1309 1621 1378 1669 158
1403 1616 1481 1667 sqq,
1510 1630 1620 1655 unum
1637 1631 1683 1655 ex

364 1683 497 1733 Ulyffis
515 1681 634 1726 sociis,
665 1681 892 1721 Macareum,
927 1676 1146 1727 superstitem
1175 1675 1214 1712 in
1241 1676 1297 1713 his
1316 1676 1527 1713 locis'finxit
1550 1677 1673 1714 AEneae

363 1755 572 1779 occurrere:
602 1740 663 1777 etsi
682 1736 941 1777 Achemenidis
957 1735 995 1772 in
1010 1735 1216 1785 Cyclopum
1230 1745 1333 1772 antro
1349 1735 1462 1772 relicti
1478 1749 1522 1772 ex
1541 1735 1606 1773 lib.
1624 1736 1683 1774 ΠΙ

363 1801 532 1841 AEneidis
549 1799 752 1849 exemplum
773 1795 915 1834 Nasoni
945 1805 1028 1832 ante
1046 1795 1170 1831 oculos
1200 1794 1301 1832 fuisse
1316 1795 1424 1832 facile
1442 1795 1678 1846 intelligitur.

367 1862 428 1898 Est
448 1870 567 1898 autem
586 1858 631 1895 ad
651 1870 769 1895 rerum
786 1857 894 1893 fidem
912 1855 1016 1891 valde
1033 1855 1367 1898 accommodatum,
1402 1854 1520 1890 adhuc
1543 1854 1682 1905 Troja-

367 1934 498 1959 norum
518 1917 741 1968 temporibus
767 1915 930 1952 homines
959 1913 1052 1950 feros
1079 1924 1114 1950 et
1146 1913 1464 1964 anthropophagos
1482 1913 1598 1950 Italiae
1617 1914 1684 1952 sal-

367 1980 477 2023 tibus,
505 1978 654 2016 lacubus
671 1987 707 2013 et
740 1975 887 2026 ignibus
904 1973 1153 2016 subterraneis,
1173 1973 1329 2010 horridae
1347 1973 1428 2009 loca
1446 1972 1570 2009 saltem
1591 1985 1684 2010 non-

367 2041 466 2085 nulla
495 2037 721 2076 inhabitaffe.
777 2035 881 2072 Hinc
899 2043 936 2071 et
968 2032 1061 2069 Caci
1093 2032 1278 2071 memoria.
1320 2031 1371 2070 cf.
1408 2031 1454 2067 ad
1481 2030 1547 2068 lib.
1583 2031 1683 2070 VIII

372 2098 527 2137 Excurs.
547 2097 601 2136 II.

420 2161 532 2197 Circes
555 2156 712 2209 insulam,
741 2167 850 2205 quam
881 2153 1085 2190 adeundam
1104 2153 1169 2188 effe
1188 2151 1348 2188 Helenus
1373 2152 1448 2201 jam
1468 2149 1686 2201 praedixerat

370 2217 450 2265 (lib.
482 2217 555 2260 HI,
588 2218 661 2264 386
690 2216 781 2252 Ante
797 2224 830 2250 et
847 2235 900 2241 --
917 2213 1091 2262 AEaeaeque
1108 2212 1218 2261 insula
1233 2211 1345 2248 Circes
1364 2210 1578 2260 ltstranda)‚
1613 2223 1686 2247 non

367 2278 483 2328 magis
512 2275 780 2328 prztermittere
798 2272 925 2311 debuit
951 2275 1075 2322 po'eta,
1104 2285 1187 2308 cum
1207 2271 1268 2307 illa
1285 2270 1442 2307 heroicis
1461 2270 1687 2320 temporibus

368 2347 555 2386 tantopere
574 2335 706 2372 sabulis
725 2334 951 2383 frequentata
967 2340 1003 2367 et
1021 2329 1200 2367 celebrata
1223 2329 1320 2373 effet,
1351 2328 1517 2379 inprimis
1538 2328 1583 2365 ab
1603 2329 1690 2367 Ho-

368 2408 468 2434 mero
488 2393 615 2443 Odyff.
644 2413 676 2431 κ.
707 2391 847 2430 Circeii
864 2390 1013 2440 quidem
1030 2398 1156 2425 notum
1174 2388 1222 2424 est
1242 2387 1340 2424 Latii
1360 2386 1650 2437 promontorium
1673 2400 1683 2424 t

372 2457 559 2494 Homerus
592 2464 710 2490 tamen
737 2461 857 2489 narrat
875 2452 919 2487 de
936 2463 995 2494 eo,
1028 2458 1208 2499 tamquam
1229 2449 1274 2485 de
1300 2447 1428 2484 insula.
1483 2448 1620 2490 Circeii,
1648 2457 1688 2487 ut

370 2513 484 2552 Plinii
503 2511 622 2550 verbis
639 2523 718 2550 utar
740 2511 820 2559 (lib.
842 2510 917 2553 III,
939 2523 975 2559 ς,
995 2508 1058 2559 9),
1087 2507 1196 2558 infida
1213 2508 1372 2558 quondam
1390 2510 1536 2556 immensta
1562 2509 1689 2557 quidem

369 2579 461 2612 mari
487 2572 705 2615 circumdata,
743 2581 779 2606 ut
796 2570 942 2606 creditur
959 2568 1111 2610 Homero,
1140 2577 1178 2603 at
1195 2581 1278 2603 mmc
1299 2564 1443 2616 planitie
1474 2564 1540 2613 (cf.
1562 2565 1617 2609 H,
1634 2567 1686 2618 85

369 2634 396 2671 s.
421 2633 508 2685 87),
564 2629 666 2668 Nata
682 2629 768 2666 hinc
799 2627 944 2678 opinio,
970 2626 1111 2677 aggesta
1129 2624 1320 2662 fluminum
1339 2623 1473 2660 alluvie
1491 2633 1598 2668 terra,
1631 2624 1690 2661 in-

368 2692 480 2729 sulam
502 2689 700 2741 aliquando
720 2688 850 2726 faciam
867 2686 932 2723 effe
950 2685 1220 2729 continentem
1265 2696 1300 2720 v.
1329 2681 1569 2732 Theophrast.
1587 2682 1687 2720 Hist.

372 2753 490 2790 Plant.
508 2751 545 2787 V
561 2780 572 2795 ,
593 2763 633 2799 9,
667 2762 773 2799 quem
792 2748 911 2784 locum
944 2744 1084 2782 Plinius
1110 2742 1272 2793 expressit
1291 2743 1318 2780 1.
1338 2755 1372 2779 c.
1428 2741 1510 2778 Nec
1529 2742 1685 2779 multum

372 2812 514 2853 diffidet
562 2809 661 2860 quod
690 2808 809 2844 Varro
836 2805 1053 2847 tradiderat,
1083 2813 1121 2839 ut
1139 2816 1158 2839 e
1178 2801 1300 2838 Servio
1319 2801 1365 2838 ad
1384 2801 1451 2838 lib.
1486 2800 1559 2844 HI,
1594 2801 1683 2850 386.

371 2869 465 2914 VII,
498 2882 544 2907 10
564 2867 730 2915 discitur,
747 2865 850 2905 fuisse
878 2864 1012 2911 Circen
1039 2861 1207 2906 insulam,
1237 2860 1399 2898 nondum
1428 2858 1567 2897 siccatis
1585 2859 1689 2909 palu-

1564 2919 1688 2964 dibus,

1769 2869 1780 2888 k
