1847 3313
384 292 791 349 AENEIDOS,
847 288 995 338 LIB.
1037 288 1181 339 VIII.
1351 294 1443 355 185

124 424 190 476 Et
208 426 375 489 longos
398 423 615 488 superant
634 423 799 479 flexus,
832 419 1067 484 variisque
1090 429 1318 482 teguntur
1380 435 1443 486 95

124 514 411 569 Arboribus,
427 510 683 571 viridisque
699 510 853 559 secant
870 508 1061 572 placido
1080 523 1270 571 aequore
1292 507 1443 557 silvas.

126 604 207 654 Sol
227 602 443 649 medinm
460 601 572 649 coeli
598 580 932 647 conscenderat
947 598 1116 661 igneus
1133 598 1299 646 orbem
1317 617 1330 645 2

126 692 297 757 Qum
323 706 482 739 muros
499 704 754 753 arcemque
770 687 934 752 procul
959 703 1012 734 ac
1037 703 1140 736 rara
1157 687 1414 735 domorum

125 781 274 834 Teeta
295 779 486 833 vident;
521 793 630 840 quae
648 792 772 825 nunc
796 776 1011 825 Romana
1035 775 1251 840 potentia
1270 775 1403 826 coelo

124 871 389 936 AEquavst:
425 881 529 921 tum
552 884 623 915 res
649 869 812 934 inopes
837 868 1085 916 Evandrus
1109 867 1331 917 habebat.
1358 880 1446 918 100

127 961 275 1009 Ocius
298 960 552 1012 advertunt
574 975 751 1024 proras,
786 957 988 1022 urbique
1011 959 1358 1022 propinquant.

189 1049 333 1097 Forte
355 1048 434 1094 die
454 1046 736 1093 sollemnem
759 1044 845 1092 illo
868 1060 949 1092 rex
974 1045 1122 1093 Arcas
1147 1045 1381 1093 honorem

168 1190 222 1224 97.
246 1180 331 1213 medio
346 1181 453 1222 Sprot.
499 1178 654 1221 corfidcrat
667 1178 779 1210 Franc.
823 1190 904 1216 axem
924 1189 986 1222 ,pro
1013 1178 1078 1212 div.
1103 1177 1178 1210 least.
1204 1188 1255 1221 pr.
1285 1175 1445 1211 Rottend.

124 1232 262 1274 ——98.
288 1243 367 1268 arces
398 1230 555 1272 oblongus
576 1237 608 1262 et
629 1230 760 1271 quidam
784 1229 838 1260 alii
857 1230 958 1267 Pier.‚
980 1229 1066 1271 quod
1084 1230 1205 1272 recepit
1224 1231 1382 1267 Catrceus‚
1402 1234 1444 1260 ut

96 1287 98 1290 ’
126 1283 186 1318 fint
197 1284 317 1326 septem
329 1282 438 1320 colles,
460 1281 575 1323 quibus
588 1281 695 1323 postea
711 1283 818 1312 Roma
832 1280 893 1312 fuit
913 1281 1069 1323 imposita.
1114 1282 1174 1313 Sed
1189 1293 1246 1313 arx
1261 1281 1364 1324 simpl.
1383 1291 1444 1323 pro

127 1334 206 1368 urbe
222 1336 255 1367 in
271 1335 351 1366 colle
368 1333 515 1365 Palatino
524 1332 646 1376 pofita3
671 1333 710 1363 cf.
724 1332 780 1367 inf.
797 1341 858 1372 313
874 1345 883 1371 ς
910 1335 953 1364 ad
969 1341 1111 1368 veterem
1123 1343 1259 1370 morem,
1277 1344 1341 1374 quo
1358 1343 1449 1363 acro-

126 1387 219 1431 polis,
244 1387 277 1418 in
291 1386 371 1418 colle
385 1385 524 1422 condita,
545 1384 677 1426 reliqua:
708 1384 848 1415 civitatis
872 1384 964 1415 initia
995 1383 1142 1415 faciebat.
1187 1396 1222 1416 ae
1249 1396 1319 1416 rara
1337 1383 1447 1417 Heins.

127 1438 304 1471 secundum
319 1436 518 1472 vetustiores,
531 1435 629 1466 etiam
647 1435 728 1467 Pier.
775 1435 886 1477 Vulgo
903 1445 938 1466 et.
1031 1444 1101 1468 100.
1116 1444 1183 1469 tunc
1193 1437 1289 1466 Rom.
1336 1437 1448 1469 Evam.-

129 1489 200 1526 drus
224 1491 321 1520 Rom.
341 1495 373 1520 et
389 1487 507 1518 Medic.
530 1487 698 1528 caeterique
722 1487 928 1518 vetustiores:
969 1498 1048 1529 ergo
1070 1488 1189 1529 recepit
1207 1487 1325 1525 Heius„
1349 1497 1447 1528 quem

125 1541 199 1573 vide
211 1540 279 1583 post
292 1539 442 1571 Pierium.
468 1537 577 1579 Vulgo
592 1548 600 1568 :
625 1538 781 1576 Evander,
796 1539 893 1572 etiam
908 1537 1018 1579 paffim
1032 1537 1065 1568 in
1077 1537 1176 1579 seqq,
1193 1537 1318 1578 quoties
1335 1547 1445 1568 recur-

127 1593 171 1626 rit
184 1603 219 1623 ea
234 1598 470 1622 vox.---101.
494 1597 635 1620 avertunt
650 1589 712 1619 duo
724 1589 834 1620 Burm.
881 1589 1018 1632 etubique
1031 1596 1067 1632 p.
1094 1588 1195 1622 Goth.
1214 1589 1273 1621 sec.
1367 1597 1442 1623 102.

124 1645 198 1679 ,diem
208 1641 347 1675 Dorvill.
367 1647 398 1672 et
408 1640 469 1671 Ed.
488 1641 571 1671 Ven.
586 1650 659 1671 cum
676 1641 775 1674 Rom.
793 1639 862 1674 cod.
896 1641 1015 1685 solemne
1027 1639 1161 1672 Mediol.

127 1748 215 1778 tare.
242 1738 344 1783 conf,
359 1737 436 1789 sup,
455 1737 502 1780 ad
521 1738 606 1776 AEn.
626 1738 658 1783 I,
675 1742 750 1783 280

873 1752 941 1781 102
959 1738 1035 1788 sqq,
1081 1736 1239 1788 Egregia
1273 1736 1445 1777 carminis

126 1801 163 1829 et
180 1791 227 1828 ad
249 1790 336 1835 VII,
365 1795 448 1841 582.
504 1790 624 1827 Simili
640 1791 751 1828 modo
990 1791 997 1797 '

817 1803 1038 1832 oeconomia,
1067 1803 1137 1840 qua
1155 1789 1243 1826 belli
1271 1803 1353 1828 cum
1374 1788 1446 1827 La-

127 1854 275 1894 quatere,
292 1857 439 1884 movere,
452 1843 615 1892 impellere
615 1842 751 1892 sil-vas,

124 1910 278 1933 exercere
295 1907 350 1944 ap.
380 1893 511 1934 Silium
540 1893 635 1936 XV,
663 1894 751 1945 769..

132 1948 247 1992 Porro
260 1950 377 1998 poetae
402 1945 555 1994 tempori
587 1945 752 1982 tribuunt

125 2008 312 2049 tamquam
329 1998 447 2036 ac‘tum
458 1997 504 2033 ab
521 2009 564 2033 eo
579 1996 634 2041 id,
652 1996 751 2047 quod

129 2049 169 2087 in
183 2060 344 2099 tempore
361 2049 424 2085 fit:
455 2048 519 2085 Sic
539 2054 660 2086 nomm
671 2059 751 2098 pro-

127 2104 215 2143 duci,
272 2102 355 2138 diem
389 2103 535 2154 frangi,
590 2099 753 2149 adeoque

129 2153 256 2196 etiam,
275 2162 313 2188 ut
324 2151 360 2188 h.
375 2152 418 2195 l.,
432 2155 595 2203 fatigari
601 2151 750 2187 dicunt:

133 2204 188 2249 X,
209 2206 279 2253 807
299 2205 382 2240 diem
393 2218 552 2245 exercere.
607 2201 754 2252 Proper-

131 2256 202 2295 tius
222 2254 279 2291 IV
299 2254 403 2304 Eleg.
429 2267 488 2297 11,
523 2267 569 2306 77
609 2254 673 2291 Sat
690 2253 754 2294 tibi

118 2311 195 2364 stnt
217 2313 335 2350 nostes,
361 2321 441 2357 quas
460 2308 499 2342 de
522 2323 585 2350 me,
614 2305 752 2350 PauHe,

117 2365 286 2414 faugas:
330 2371 409 2408 quae
454 2358 570 2395 forma
606 2358 752 2394 tandem

129 2424 174 2449 eo
190 2410 298 2454 redit,
326 2419 365 2446 ut
379 2413 539 2461 fungare
564 2409 620 2453 fit,
645 2412 753 2459 consu-

128 2469 232 2507 mere,
273 2467 416 2513 exigere.
469 2463 531 2512 96.
554 2460 686 2511 placido
702 2476 751 2497 ae-

130 2529 238 2567 quore,
253 2513 353 2550 alveo
370 2511 488 2557 fluvii,
500 2517 620 2562 secant
617 2511 752 2559 filvczs,

132 2565 303 2616 navigant
323 2563 417 2600 inter
445 2563 539 2614 ripas
556 2564 649 2601 filvis
667 2575 753 2599 con-

131 2617 223 2654 sitas.
287 2616 411 2653 Nimis
443 2625 545 2653 acute
580 2614 681 2656 Serv.
716 2623 752 2651 et

133 2667 221 2705 alii:
265 2667 383 2706 secant
419 2666 594 2718 imagines
629 2677 751 2708 nemo-

132 2732 228 2763 rum,
255 2732 333 2769 quae
368 2719 406 2757 in
434 2718 616 2768 pellucida
650 2716 752 2755 fluvii

131 2769 315 2821 superficie
333 2769 561 2821 apparebant.
615 2782 679 2820 97.
688 2769 753 2806 Ἧ-

643 2822 652 2835 Χ

131 2841 192 2870 μσς
209 2822 241 2859 δ’
274 2823 398 2860 Ἠέλιος
419 2824 516 2868 μέσον
544 2824 670 2871 οὗςανον
684 2824 752 2869 ἀμ·

134 2875 300 2925 φίβεβῆκει
318 2872 427 2914 Iliad.
449 2873 488 2919 θ,
516 2873 564 2914 68
583 2882 619 2912 et
637 2872 687 2923 aI.

818 1841 904 1879 tinis
921 1841 1008 1891 gesti
1028 1852 1240 1892 argumento
1257 1854 1321 1891 per
1338 1841 1372 1878 se
1390 1852 1443 1879 te-

818 1893 882 1930 nui
912 1904 947 1930 et
981 1891 1130 1944 pauperi
1159 1892 1303 1942 copiam
1326 1905 1446 1932 rerum

817 1954 853 1984 et
870 1944 1117 1984 narrationum
1131 1944 1306 1981 conciliat
1319 1946 1443 1995 poe'ta.

818 1996 985 2033 Offendit
1003 1995 1133 2033 AEneas
1150 1995 1360 2033 Evandrum
1379 1996 1440 2034 sua

817 2046 915 2084 sacra
945 2046 1137 2090 facientem
1172 2046 1325 2085 Herculi
1337 2064 1348 2093 ;
1389 2060 1445 2085 re·

819 2111 897 2135 rum
931 2098 1062 2149 species
1088 2098 1265 2147 objicitur
1296 2099 1445 2150 augusta

817 2150 1067 2201 religionibus,
1095 2161 1129 2187 et
1159 2150 1348 2188 hominum
1379 2151 1444 2188 sae-

817 2202 965 2251 culique
1007 2201 1237 2252 simplicitate
1286 2204 1441 2252 placens,

819 2252 957 2290 Eadem
975 2267 1010 2291 v.
1032 2255 1074 2290 18
1081 2267 1099 2304 ς
1114 2252 1190 2303 sqq.
1205 2252 1355 2291 adducit
1367 2255 1443 2305 epi-

818 2304 961 2343 sodium
995 2305 1042 2342 de
1076 2304 1166 2342 caeso
1200 2304 1246 2340 ab
1280 2304 1442 2344 Hercule

819 2356 938 2399 Caco,
966 2365 1149 2406 tamquam
1179 2355 1271 2398 sacri
1289 2357 1443 2395 instituti

819 2408 934 2444 cauffa
949 2417 985 2445 et
995 2407 1148 2458 origine.
1202 2407 1443 2447 Obversatum

819 2460 885 2496 effe
912 2458 950 2496 in
969 2460 1136 2496 omnibus
1157 2457 1213 2496 his
1230 2465 1347 2509 po'etae
1364 2460 1442 2497 ani-

819 2523 880 2548 mo
905 2511 1024 2548 locum
1054 2510 1180 2560 Odyff.
1202 2510 1253 2553 V,
1283 2524 1328 2559 32
1348 2512 1445 2562 sqq„

818 2561 882 2599 ubi
909 2562 1148 2600 Telemachus
1180 2562 1218 2598 in
1253 2562 1442 2601 Nestorem

819 2611 916 2650 sacra
933 2613 1124 2652 facientem
1142 2613 1289 2656 incidit,
1318 2613 1442 2665 negari

819 2665 968 2715 nequit:
1021 2666 1130 2702 etiam
1171 2676 1217 2703 ex
1266 2664 1443 2705 Pisistrato

819 2715 982 2754 Nestoris
1010 2717 1087 2754 filio
1118 2716 1230 2754 Pallas
1260 2716 1442 2757 subnatus.

818 2767 882 2804 Ad
912 2768 998 2805 talia
1031 2768 1287 2805 attendendum
1317 2770 1364 2805 est
1392 2768 1443 2815 ei,

816 2818 880 2869 qui
894 2820 939 2857 de
956 2819 1014 2856 sex
1028 2819 1261 2870 posteriorum
1277 2819 1444 2859 AEneidis

817 2870 995 2919 librorum
1014 2870 1216 2928 praestantia
1232 2880 1267 2908 et
1291 2871 1335 2909 de
1349 2875 1442 2925 poe·-
