1847 3313
727 307 1104 357 VIRGILII
1172 307 1562 356 MARONIS

451 325 545 362 220
622 311 674 358 1&

448 446 587 494 Parte
620 445 711 491 alia
736 444 887 490 Marti
911 457 1197 505 currumque
1221 443 1437 504 rotasque
1461 441 1667 488 volucris

447 536 716 587 Instabant;
752 532 923 595 quibus
949 530 1029 576 ille
1050 530 1186 585 viros,
1208 529 1380 591 quibus
1399 530 1572 576 excitat
1590 529 1717 576 urbis
1736 551 1751 585 ς

446 624 716 688 AEgidaque
735 620 1029 676 horriferam,
1053 618 1257 664 turbatae
1276 616 1476 663 Palladis
1495 633 1638 674 arma,
1659 631 1716 678 43
1725 629 1749 679 5

449 713 679 762 Certatim
705 710 908 773 squamis
934 709 1205 770 serpentum
1230 723 1435 768 auroque
1456 707 1692 767 polibant,

450 799 791 861 Connexosque
814 796 999 860 anguis,
1024 795 1269 858 ipsamque
1292 794 1339 840 in
1362 796 1551 856 pectore
1573 796 1701 842 divae

447 895 693 956 Gorgona,
720 887 904 935 desec‘to
927 897 1190 933 vertentem
1215 885 1396 932 lumina
1418 886 1557 934 collo.

489 1047 567 1078 434.
591 1037 752 1080 Itgstaurant
770 1032 928 1071 Parthas„
942 1032 980 1063 de
997 1043 1059 1074 quo
1077 1031 1283 1073 cogitandum
1300 1029 1359 1061 esse
1377 1031 1479 1061 censet
1497 1032 1606 1062 Burm.
1629 1030 1756 1062 Vitium

447 1089 509 1122 effe
533 1099 598 1120 non
625 1087 747 1119 dubito.
791 1087 898 1128 Instare
926 1083 974 1125 (h.
1006 1093 1120 1125 urgere
1150 1084 1241 1129 opus)
1268 1081 1421 1123 exquisite
1447 1093 1521 1113 cum
1546 1089 1659 1124 quarto
1685 1082 1756 1118 casu

445 1141 607 1183 iunetum,
632 1146 669 1170 ut
696 1139 795 1181 irfiare
819 1139 909 1168 eniam.
968 1137 1068 1168 excitet
1099 1136 1182 1165 Ven.
1273 1144 1347 1173 435.
1374 1134 1533 1176 herrificam
1563 1134 1650 1170 edd.,
1680 1143 1758 1173 quas

449 1194 573 1224 Pierius
599 1190 786 1232 inspexerat,
814 1196 846 1220 ct
872 1196 935 1219 tres
958 1188 1131 1218 Burmann.
1163 1197 1234 1217 cum
1261 1185 1361 1216 Goth.
1385 1195 1434 1226 pr.
1522 1184 1759 1227 436.p0l21'bant

447 1245 540 1285 codd.
560 1243 642 1275 Pier.
730 1240 805 1280 438.
826 1238 929 1280 dejefio
944 1239 1042 1269 Rom.
1088 1238 1194 1280 degfeelo
1219 1237 1308 1268 Leid.
1339 1247 1431 1267 unus.
1474 1237 1509 1267 de
1535 1236 1643 1266 deerat
1666 1235 1755 1266 Gud.

448 1307 468 1328 a
485 1307 529 1328 m,
559 1306 609 1337 pr.
632 1292 716 1323 unde
742 1290 851 1322 Heins.
878 1289 1063 1331 supplebat:
1094 1297 1152 1318 tum
1166 1288 1259 1330 [εὲῖος
1280 1288 1386 1331 djffiHo
1411 1294 1442 1317 et
1463 1286 1576 1327 disjcao
1601 1287 1634 1317 in
1662 1283 1755 1319 codd.

448 1349 538 1383 Picr.
557 1346 699 1382 leelum3
722 1343 858 1375 alterum
873 1352 1000 1384 quoque
1016 1341 1049 1371 in
1067 1339 1168 1371 Goth.
1186 1347 1260 1370 tert.
1277 1349 1308 1370 et
1325 1339 1392 1369 Erf.

447 1456 663 1509 grandinem
680 1468 688 1491 ε
719 1453 785 1492 inf.
800 1455 869 1499 IX,
885 1455 952 1505 671
971 1469 1069 1505 quam

447 1509 554 1547 multa
583 1507 760 1557 grandine
790 1505 895 1543 nimbi
927 1506 972 1542 In
998 1521 1069 1541 va-

447 1563 495 1598 da
505 1565 734 1609 proecz'pifmtl,
752 1574 823 1595 cum
843 1558 982 1607 Jupiter
994 1557 1068 1593 hor·

446 1614 539 1650 ridus
569 1612 687 1660 astris
718 1609 883 1659 Torquet
900 1607 1069 1658 aquosam

447 1662 620 1705 hiemem,
656 1671 688 1699 et
720 1661 799 1700 caelo
832 1677 926 1698 cava
954 1659 1072 1697 nubila

449 1717 610 1764 rumpit),
628 1713 774 1757 nubem,
792 1712 914 1762 ignem
933 1722 967 1748 et
982 1724 1069 1748 ven-

447 1775 538 1801 tum.
594 1764 686 1801 Haec
715 1764 788 1801 sere
814 1776 859 1800 ex
890 1762 1071 1799 Servianis

446 1816 666 1865 ampleftor3
694 1825 821 1852 caetera
850 1814 929 1851 sunt
952 1813 1070 1863 respu-

448 1868 554 1905 enda.
626 1866 726 1903 Facit
770 1876 890 1903 autem
935 1865 1072 1902 fulmen

447 1918 642 1956 duodecim
660 1917 864 1968 euspicium,
889 1918 1071 1958 radiorum,

447 1971 597 2013 ἐκτίνων,
627 1968 729 2006 trinis
753 1969 791 2005 in
820 1978 990 2018 quaterna
1017 1967 1068 2002 la-

446 2032 538 2066 tera,
570 2021 689 2072 qualia
722 2019 873 2056 fulmina
892 2019 1009 2068 passim
1031 2017 1069 2054 in

448 2072 702 2114 monumentis,
735 2069 898 2121 inprimis
929 2070 969 2105 in
1003 2082 1068 2106 nu-

447 2123 531 2168 mis,
561 2132 769 2165 occurrunt,
799 2121 861 2159 etsi
881 2120 968 2158 alibi
999 2120 1069 2157 alia

447 2174 566 2212 forma
607 2174 793 2213 tribuitur.
839 2171 889 2210 cf.
935 2172 1068 2209 Cerda.

447 2225 594 2263 Habuit
612 2235 730 2262 autem
759 2229 867 2275 poeta
885 2233 966 2261 ante
984 2237 1069 2260 ocu-

446 2278 502 2314 los
520 2288 554 2315 et
573 2276 732 2327 argutius
756 2274 930 2327 expolivit
947 2275 1069 2312 locum

447 2329 639 2379 Apollonii
683 2329 823 2378 Argon.
869 2327 902 2370 I,
943 2339 1070 2376 730——

446 2393 540 2431 734,
559 2380 622 2417 ubi
642 2393 711 2417 una
730 2378 846 2428 cuspis
865 2378 982 2414 adhuc
1000 2378 1070 2414 im-

447 2432 617 2483 perfceia,
649 2444 756 2480 quam
789 2429 968 2480 Cyclopes
985 2442 1071 2479 pro-

445 2483 600 2527 cudunt,
630 2487 783 2534 μοιλεξεῖσ
813 2482 910 2531 ‘noges‘
941 2481 1072 2531 {zt'eo'xu

445 2537 590 2582 ἀϋτμή-κ.
633 2535 687 2571 Ut
705 2548 802 2578 vero,
824 2533 981 2570 Vulcani
997 2534 1072 2570 offi-

447 2586 531 2624 cina
548 2587 654 2623 semel
673 2585 930 2636 repraesentata,
963 2597 1071 2634 opera

447 2638 618 2675 inchoata
635 2648 671 2674 et
702 2637 826 2674 affefia
843 2646 1069 2680 memoraret,

446 2694 564 2740 poetae
589 2689 738 2739 ingenio
767 2688 806 2725 in
831 2697 973 2737 promtu
1005 2688 1071 2724 esse

444 2741 571 2779 debuit
587 2755 597 2784 ;
626 2741 686 2777 etfi
705 2750 740 2776 et
767 2739 804 2777 in
834 2739 902 2775 hoc
930 2738 1071 2788 praeivit

446 2792 602 2829 Homer.
620 2792 727 2829 Iliad.
759 2810 796 2834 σ,
831 2804 900 2841 373
922 2790 999 2839 sqq.
1019 2789 1069 2827 cf.

445 2842 595 2880 Callim.
615 2844 656 2881 in
685 2842 796 2880 Dian.
819 2855 878 2893 49.
910 2853 973 2892 50,
1006 2841 1069 2878 ubi

443 2894 527 2934 satis
554 2895 677 2945 jejune
711 2907 899 2946 equorum<
924 2891 1069 2944 Neptu-

1134 1453 1279 1490 niorum
1305 1450 1491 1501 aquarium
1509 1447 1659 1500 procudi
1678 1461 1759 1486 nar-

1135 1515 1233 1541 ratur
1249 1517 1258 1540 ε
1289 1513 1422 1553 quanto
1437 1501 1607 1552 grandius
1621 1510 1656 1538 et
1676 1500 1757 1537 sub-

1136 1556 1257 1593 limius
1271 1556 1316 1592 est
1332 1554 1554 1605 phantasma,
1572 1553 1669 1602 quod
1687 1552 1759 1588 ful-

1137 1607 1245 1644 minis
1276 1606 1432 1644 mai‘eriae
1465 1604 1662 1642 admiscent
1688 1602 1760 1640 ful-

1136 1672 1254 1709 gores,
1304 1657 1475 1702 sonitu-m,
1524 1665 1674 1698 metum,
1723 1665 1760 1691 et

1132 1713 1312 1749 flammam
1330 1709 1512 1759 sequacem
1529 1707 1708 1758 Cyclopes
1726 1707 1736 1744 ἔ

1184 1776 1271 1811 433.
1291 1775 1381 1810 434.
1410 1759 1527 1796 Marti
1544 1760 1668 1795 currus
1682 1757 1758 1797 bel-

1133 1814 1224 1852 licus
1252 1813 1394 1863 proprie
1423 1811 1594 1854 tributus,
1621 1822 1666 1846 ex
1695 1809 1759 1847 he-

1135 1864 1229 1903 roici
1262 1863 1381 1900 saeculi
1427 1875 1527 1899 more
1569 1860 1730 1898 bellandi
1745 1876 1757 1906 3

1137 1916 1236 1967 quod
1285 1915 1362 1952 ait:
1409 1914 1524 1966 quibus
1558 1913 1615 1951 ille
1648 1917 1757 1954 viros,

1135 1969 1249 2017 quibus
1264 1972 1386 2004 excitat
1405 1965 1518 2009 urbes,
1547 1965 1584 2001 h.
1619 1963 1664 2000 ad
1683 1963 1760 2000 bel-

1135 2020 1209 2055 lum
1230 2018 1404 2060 concitat,
1427 2030 1471 2053 ex
1491 2015 1563 2052 istis
1581 2015 1758 2052 illustran-

1138 2080 1197 2107 tur
1216 2070 1291 2120 sup.
1308 2068 1417 2111 VIII,
1438 2081 1456 2116 3
1480 2069 1527 2104 Ut
1543 2066 1761 2118 bellifignum

1134 2123 1298 2171 -thne
1316 2136 1405 2158 acres
1422 2118 1566 2166 conceffit
1580 2133 1671 2174 equos
1687 2127 1759 2156 ete.

1136 2173 1316 2223 [astabant
1346 2187 1493 2213 curt-um,
1530 2179 1569 2207 ut
1595 2169 1760 2208 festinare

1137 2225 1294 2274 aliquam
1332 2236 1420 2261 rem.
1457 2222 1509 2259 cf.
1546 2220 1675 2259 Heius.
1710 2221 1758 2259 ad

1138 2275 1231 2320 ΧΠ,
1252 2278 1337 2327 748.

1188 2329 1404 2378 435—438.
1446 2325 1567 2362 Etiam
1599 2323 1659 2361 hie
1691 2324 1760 2362 du·

1135 2379 1247 2416 bitari
1277 2376 1387 2428 potest
1425 2377 1542 2428 (conf.
1577 2375 1622 2412 ad
1652 2380 1759 2427 354),

1137 2431 1223 2467 sitne
1253 2430 1336 2481 aegis
1372 2429 1416 2465 de
1453 2429 1598 2465 thorace
1633 2439 1678 2463 an
1712 2429 1759 2465 de

1137 2482 1254 2532 clipeo
1299 2480 1525 2530 accipienda,
1573 2479 1759 2523 haetenus,

1139 2543 1178 2570 ut
1198 2534 1242 2570 de
1271 2533 1416 2570 thorace
1444 2545 1516 2568 non
1546 2530 1611 2568 nifi
1628 2543 1663 2567 v.
1682 2543 1756 2581 437

1139 2595 1279 2635 agatur,
1297 2588 1459 2634 fisumque
1476 2589 1509 2619 in
1522 2589 1648 2633 pedore
1664 2585 1760 2619 divae

1136 2637 1306 2687 Gorgona.
1377 2634 1595 2684 Expeditior
1638 2642 1758 2670 tamen

1135 2688 1277 2724 videtur
1298 2685 1457 2730 ratio,‘fi
1492 2695 1608 2723 toturn
1635 2685 1757 2722 locum

1135 2739 1179 2776 de
1198 2739 1345 2775 thorace
1373 2737 1629 2788 interpreteris,
1658 2737 1759 2785 cujus

1136 2800 1304 2827 extremae
1345 2802 1415 2826 01·ae
1453 2788 1630 2840 anguibus
1673 2800 1760 2824 con-

1135 2843 1238 2879 nexis
1255 2851 1290 2878 et
1307 2841 1495 2892 implicitis
1519 2840 1611 2877 inter
1627 2838 1662 2877 se
1678 2838 1760 2876 sunt

1134 2888 1274 2938 cinc‘tae,
1305 2892 1342 2930 in
1361 2892 1482 2931 medio
1500 2891 1760 2980 Gorgonespo-

1684 2951 1760 2980 lta:
