1847 3313
381 293 473 348 352
558 281 609 328 P.
663 267 1045 324 VIRGILII
1115 262 1516 320 MARONIS

377 413 664 468 Succedunt,
687 408 961 471 animasque
985 407 1032 453 in
1055 416 1216 468 aperta
1241 403 1450 467 pericula
1474 399 1694 448 mittunt.

377 505 425 552 It
440 504 621 551 clamor
646 500 756 547 totis
780 513 865 561 per
880 494 1234 559 propugnacula
1256 492 1401 539 muris
1419 513 1431 544 ς

377 596 640 644 Intendunt
662 592 780 638 acris
803 605 952 645 arcus,
985 599 1264 648 amentaque
1284 595 1524 647 torquent.
1602 584 1691 645 665

379 688 612 734 Sternitur
631 681 775 730 omne
797 680 946 727 solum
965 678 1097 732 telis;
1133 689 1238 724 tum
1258 675 1387 721 scuta
1409 689 1634 738 cavaeque

378 776 508 823 Dant
531 772 736 819 sonitum
760 769 887 817 flietu
906 767 1054 830 galeae
1070 789 1085 833 Υ;
1121 779 1283 827 pugna
1303 761 1461 824 aspera
1486 762 1662 825 surgit:

377 869 597 934 Qantus
620 866 679 913 ab
702 863 870 912 occasu
895 861 1104 918 veniens,
1139 857 1426 922 pluvialibus
1455 855 1643 912 Haedis,

380 961 610 1009 Verberat
632 958 788 1005 imber
822 955 1026 1001 humum
1044 968 1055 996 ε
1100 964 1247 1012 quam
1285 948 1435 994 multa
1470 946 1698 1010 grandine

577 1045 731 1094 nimbi

383 1137 440 1184 In
452 1136 569 1183 vada
578 1133 907 1198 praecipitant:
924 1127 1300 1193 quumJuppiter
1311 1124 1525 1172 horridus
1537 1120 1698 1170 austris

426 1270 503 1310 663.
527 1269 678 1309 animcsque
689 1265 769 1297 alter
785 1263 906 1296 Hamb.
999 1261 1074 1301 665.
1097 1266 1223 1291 armenta
1238 1259 1334 1289 Rom.
1423 1256 1496 1288 666.
1521 1266 1583 1288 tunc
1599 1264 1630 1288 et
1641 1269 1700 1287 cnm

382 1322 510 1354 inbinis
525 1316 792 1356 Goth.———-667.
819 1315 982 1346 Habemus
1011 1313 1064 1344 hic
1089 1312 1208 1343 iterum
1224 1310 1406 1351 exemplum
1434 1308 1565 1339 rationis
1580 1308 1698 1339 criticae

383 1375 532 1407 codicum
546 1371 701 1403 vetustate
714 1378 745 1400 et
769 1367 962 1399 auetoritate
977 1365 1119 1407 potioris.
1165 1363 1276 1405 aassiffu
1291 1362 1388 1391 Rom.
1405 1368 1437 1391 et
1449 1359 1508 1390 'alii
1525 1360 1609 1390 Pier.
1654 1366 1701 1389 at-

373 1427 462 1471 flifflu
478 1424 602 1455 Medic.
647 1416 940 1463 tgfflia‘JuMontalb„
961 1416 1048 1457 quod
1071 1426 1089 1445 a
1106 1413 1270 1454 Naugerio
1286 1412 1319 1442 in
1344 1410 1417 1442 Ald.
1435 1417 1509 1442 tert.
1531 1409 1700 1442 admissum
1732 1420 1736 1422 '

383 1486 564 1520 perperam.
599 1474 685 1514 fliflu
700 1470 785 1501 haud
798 1468 893 1499 dubie
912 1470 1011 1509 poeta
1023 1464 1138 1496 maluit
1163 1464 1280 1505 quippe
1298 1462 1422 1493 doetius
1437 1462 1571 1494 dietum.
1620 1463 1700 1493 Sunt

382 1527 483 1560 etiam
493 1524 597 1560 codd.,
618 1520 760 1563 quiflicJu
776 1525 885 1549 tenent
902 1527 952 1558 ap.
969 1514 1082 1547 Heius.
1118 1515 1213 1558 flabia
1225 1521 1288 1544 tres
1310 1514 1420 1544 Bul-m.
1441 1522 1513 1543 cum
1530 1512 1627 1542 Goth.
1645 1523 1699 1554 pr.

382 1586 418 1611 et
433 1583 507 1609 tert.
554 1574 717 1604 Caeterum
732 1568 869 1600 alterum
885 1568 991 1598 versus
1007 1565 1260 1597 hemistichium:
1280 1571 1374 1606 pugna
1384 1565 1581 1605 asperafitrgit
1591 1573 1700 1595 meum

385 1628 518 1671 quidem
533 1623 573 1654 ad
583 1621 706 1653 sensum
716 1627 748 1651 et
763 1618 916 1660 languere
933 1625 963 1649 et
975 1616 1139 1648 sententiae
1153 1615 1338 1657 juncturam
1355 1614 1545 1656 intercipere
1561 1613 1701 1645 videtur.

386 1676 597 1723 Comparatio
610 1675 697 1706 enim
706 1673 742 1705 fit
755 1673 839 1704 inter
856 1672 912 1703 illa
931 1682 939 1702 τ
965 1672 1105 1701 Sternitur
1119 1683 1144 1702 ο.
1162 1671 1194 1710 s.
1210 1670 1363 1710 tumfiuta.
1414 1679 1416 1682 ’
1451 1666 1525 1699 663.
1547 1668 1634 1711 occastl
1650 1665 1702 1699 vel

389 1733 494 1764 Oceano
511 1727 641 1759 Zulich.
681 1725 803 1767 pluvial.
821 1724 911 1754 herbis
927 1724 1024 1753 Rom.
1115 1720 1190 1762 669.
1214 1732 1296 1761 quam
1311 1720 1392 1749 multi
1408 1717 1459 1750 cd.
1488 1718 1525 1749 P.
1551 1718 1704 1752 Danielis.

387 1780 551 1820 ...-6·70.
573 1779 609 1808 In
625 1779 698 1808 vada
715 1775 781 1807 noli
797 1779 942 1806 tentaret
969 1772 1071 1804 variat
1085 1782 1176 1809 rem3
1199 1769 1405 1802 antecedente
1428 1767 1574 1799 membro
1591 1770 1701 1802 humum

388 1836 638 1868 niemoraverass
659 1835 742 1859 nunc
758 1836 858 1859 mare·

389 1945 546 1984 claratur
562 1957 625 1996 per
642 1945 756 1987 di5a3
795 1940 898 1991 jussa,
926 1953 1010 1977 auc-

388 1997 526 2036 toritas.
581 1996 670 2046 665.
697 1994 821 2038 Acre53
867 1991 931 2043 ipfi
957 2004 1012 2028 ar-

391 2063 454 2086 cus
484 2047 675 2085 intendunt
708 2044 854 2089 acriter,
897 2052 933 2080 et
956 2044 1012 2093 ja-

391 2101 495 2137 ciunt
543 2098 613 2136 tela
649 2096 799 2134 amentis
849 2094 1013 2144 religata.

392 2152 481 2191 666.
513 2153 601 2200 667.
622 2147 794 2186 Macrob.
815 2146 889 2190 VI,
920 2159 946 2194 4
968 2159 1014 2183 ex

391 2202 506 2240 Ennii
519 2201 689 2251 Scipione
700 2199 842 2236 laudat:
871 2198 895 2233 S
894 2201 1015 2246 μαψιλ-

391 2256 511 2305 hqsteis
526 2253 646 2303 longeis
670 2259 799 2299 campus
816 2249 967 2301 splendet
983 2259 1015 2285 et

391 2306 517 2344 horret.
572 2305 672 2340 Tum
707 2301 771 2338 alii
802 2315 847 2339 ex
877 2300 1014 2337 Annal.

395 2356 458 2395 XI
473 2354 560 2394 ‘I'um
576 2355 682 2404 clupei
706 2357 869 2403 resonant,
896 2355 1013 2402 etfir-

393 2410 566 2458 reistridet
582 2420 728 2444 acumen.
769 2404 866 2441 conf.
886 2402 956 2439 inf.
975 2416 1010 2440 v.

396 2464 471 2510 809
490 2469 525 2495 et
543 2457 649 2495 Iliad.
664 2475 707 2502 μ,
738 2458 820 2494 160.
840 2455 891 2504 sq.

446 2511 520 2550 668
539 2509 592 2558 sq.
619 2507 775 2546 Ornavit
794 2506 1012 2542 Homericos

398 2563 517 2601 versus
566 2560 674 2597 Iliad.
707 2577 751 2606 μ,
800 2557 1013 2608 156—161.

397 2617 518 2654 Haedis
525 2611 758 2662 pluvialibu53
784 2617 929 2659 propter
946 2608 1015 2644 hae-

397 2668 477 2704 dos.
530 2664 624 2700 Bene
656 2672 692 2699 et
723 2663 819 2698 clare
846 2659 1014 2697 Servius:

400 2725 427 2742 “
450 2719 564 2767 Supra
581 2713 699 2750 Tauri
726 2724 860 2750 cornua
884 2711 932 2748 est
951 2709 1018 2760 fig-

400 2781 502 2812 num,
528 2766 590 2804 cui
620 2765 762 2815 Auriga
793 2775 923 2800 nomen
955 2762 1014 2799 est.

401 2819 550 2859 Retinet
585 2825 703 2855 autem
739 2814 850 2856 stellas
874 2814 961 2852 duas
976 2811 1015 2851 in

1075 1950 1198 1980 manu,
1224 1949 1304 1988 quae
1322 1935 1416 1973 haedz·
1442 1944 1634 1978 vocantur,
1661 1941 1700 1970 et

1073 2000 1424 2040 capram—quarum
1454 1996 1490 2024 et
1523 1997 1624 2023 ortus
1659 1993 1696 2021 et

1074 2040 1220 2078 occasus
1233 2039 1450 2091 graviffimas
1476 2039 1695 2088 tempestates

1077 2092 1229 2129 faciunt.
1283 2090 1464 2126 Oriuntur
1478 2099 1598 2126 autem
1616 2101 1701 2125 cum

1081 2144 1281 2192 Scorpione
1335 2141 1451 2178 mense
1507 2139 1702 2176 Oetobriss’

1079 2195 1136 2232 Ita
1157 2193 1312 2232 Servius.
1353 2190 1582 2243 Comparatis
1598 2190 1703 2233 locis,

1079 2260 1158 2297 quae
1175 2245 1219 2282 ab
1238 2245 1358 2294 Intpp.
1390 2242 1542 2280 excitari
1572 2241 1702 2286 solent,

1079 2299 1125 2334 de
1142 2295 1271 2334 occasu
1292 2294 1493 2332 Haedorum
1530 2293 1594 2330 sub
1627 2305 1703 2329 me-

1079 2349 1182 2386 dium
1193 2348 1430 2384 Decembrem
1447 2346 1602 2382 maxime
1611 2347 1703 2394 poe-

1077 2411 1112 2438 ta
1156 2398 1325 2450 cogitaffe
1383 2398 1553 2434 videtur:
1623 2394 1702 2434 vid.

1077 2453 1184 2489 Arat.
1233 2450 1413 2487 Phaenom.
1453 2449 1526 2493 678
1545 2445 1704 2485 -681.

1077 2503 1237 2540 Theocr.
1272 2501 1330 2539 Id.
1366 2499 1458 2542 VH,
1529 2511 1588 2549 53.
1640 2511 1701 2547 54.

1077 2557 1189 2605 ἔξίφων
1214 2553 1360 2599 δυομένων
1392 2550 1541 2589 Callim-
1573 2547 1702 2599 Epigr.

1085 2620 1144 2657 ¹9·
1163 2605 1252 2642 Stat.
1272 2603 1391 2640 Theb.
1411 2601 1606 2650 V111‚407
1621 2601 1702 2650 sqq.

1081 2658 1170 2708 670.
1199 2655 1312 2708 Qod
1338 2654 1425 2691 alias
1448 2652 1569 2690 austris
1587 2651 1702 2688 insur-

1082 2706 1265 2759 gentibus,
1284 2706 1323 2744 id
1341 2717 1436 2743 nunc
1449 2703 1535 2753 Jovi
1552 2702 1701 2739 tribuit:

1082 2770 1206 2810 torquet
1235 2759 1266 2796 is
1298 2759 1453 2808 aquqsam
1473 2755 1621 2797 hiemem,
1663 2753 1702 2790 h.

1077 2810 1208 2856 versat,
1235 2808 1367 2862 agitat,
1401 2807 1512 2847 nubes
1544 2804 1699 2855 pluvias,

1363 2878 1365 2881 ·
1536 2855 1701 2894 tandem-
