1847 3313
426 309 519 370 238
657 299 1097 352 P.V1RG1L11
1154 299 1522 353 MARoN1s

425 436 660 484 Inclusere
681 436 785 483 cavi
803 447 850 483 et
866 435 1003 500 nigra
1019 451 1186 483 nemus
1203 437 1358 484 abiete
1374 435 1592 498 cingunt.

1644 520 1742 573 ὁω

424 619 667 665 Arvorum
692 617 970 680 pecorisque
993 616 1097 673 deo,
1127 617 1386 679 lucumque
1406 613 1647 676 diemque,

426 529 619 575 Silvano
643 528 768 574 fama
790 527 855 573 est
877 537 1054 573 veteres
1073 525 1260 573 sacrasse
1282 523 1518 587 PelasgOS,

426 707 526 771 Qi
546 706 690 769 primi
713 705 820 751 finis
843 704 1102 767 aliquando
1125 704 1329 753 habuere
1349 703 1564 751 Latinos.

425 795 575 842 Haud
597 794 766 859 procul
792 795 903 841 hinc
936 794 1126 841 Tarcho
1147 805 1194 842 et
1217 793 1451 856 Tyrrheni
1475 803 1577 840 tuta
1607 803 1742 840 tene-

624 885 740 932 bant

426 976 588 1025 Castra
610 979 743 1035 lociS‚
766 977 984 1040 celsoque
1000 977 1157 1024 omnis
1180 975 1240 1020 de
1263 975 1384 1021 colle
1399 974 1553 1022 videri

425 1065 537 1128 jam
555 1076 738 1128 poterat
759 1065 899 1129 legio,
924 1076 968 1111 et
992 1063 1098 1110 latis
1124 1063 1346 1111 tendebat
1369 1065 1418 1110 in
1441 1065 1581 1112 arvis.

1649 1066 1711 1114 60

426 1156 545 1205 Huc
569 1167 705 1220 pater
728 1154 903 1202 AEneas
932 1168 978 1202 et
1001 1154 1128 1201 bello
1150 1155 1269 1202 leeta
1283 1153 1512 1219 juventus
1714 1078 1739 1129 5

471 1317 549 1350 599.
573 1308 633 1339 ilice
649 1308 736 1350 cingit
753 1305 880 1338 Zulich.
905 1316 923 1336 a
938 1316 983 1338 m.
1009 1315 1058 1348 pr.
1102 1307 1188 1349 cingit
1213 1305 1269 1338 alii
1294 1315 1346 1348 ap.
1369 1305 1482 1338 Heius.
1506 1315 1579 1338 cum
1596 1304 1742 1339 Parrhas.

428 1366 464 1390 et
487 1360 588 1391 Goth.
617 1359 692 1397 sec.‚
713 1366 744 1390 et
771 1358 873 1400 potest
893 1357 953 1389 hoc
978 1357 1084 1389 verius
1098 1357 1222 1389 videri:
1249 1368 1326 1389 nam
1353 1369 1445 1389 nemus
1471 1359 1559 1401 cingit
1581 1357 1747 1399 jungenda

427 1410 523 1442 sunt:
548 1418 709 1442 mutatum
737 1409 821 1441 forte
852 1409 890 1440 ab
919 1409 968 1447 iis,
999 1410 1053 1451 qui
1085 1408 1125 1439 ad
1153 1410 1231 1440 colles
1261 1408 1454 1440 referebant.
1500 1409 1605 1440 Potest
1635 1416 1746 1440 tamen

428 1462 532 1494 altera
561 1473 600 1493 ex
629 1468 719 1503 parte
746 1459 929 1501 exquisitius
954 1459 1077 1491 dietum
1106 1458 1177 1497 esse,
1195 1473 1288 1492 nemus
1311 1462 1447 1503 cingunt.-
1478 1469 1575 1500 quam
1605 1459 1746 1490 formam

428 1512 576 1544 Heinsius
592 1511 759 1553 aliquoties
773 1510 951 1541 illustravit.
1042 1509 1119 1541 601.
1144 1511 1291 1553 Agrorum
1302 1510 1436 1554 pecorisq.
1453 1509 1603 1541 Macrob.
1618 1511 1660 1540 111
1675 1512 1745 1542 Sat·

429 1573 463 1604 3.
507 1564 658 1596 Silvarum
677 1571 710 1605 p.
737 1560 927 1592 emendabat
944 1560 1060 1598 Cerda,
1081 1571 1263 1602 perperam.
1309 1559 1363 1591 Est
1391 1560 1479 1591 enim
1495 1559 1628 1591 omnino
1645 1559 1746 1592 Silva-

427 1624 489 1648 nus
504 1616 588 1647 inter
603 1614 678 1645 deos
692 1613 840 1655 agrestes.
867 1613 908 1645 cf.
935 1614 1062 1650 Burm.‚
1083 1620 1119 1644 ut
1133 1612 1165 1642 in
1182 1623 1219 1643 eo
1233 1612 1312 1655 ipso,
1329 1612 1415 1653 quod
1432 1623 1469 1643 ex
1484 1611 1620 1643 Horatio
1635 1612 1746 1646 laudat

427 1667 557 1699 Cerda:
582 1665 717 1702 Silvam,
734 1673 811 1696 tuter
824 1665 939 1707 finium.
1031 1663 1072 1694 60
1074 1673 1106 1703 3.
1132 1664 1254 1702 ‘Tarcom
1269 1663 1392 1700 Thana,
1410 1663 1541 1695 Tarchon
1559 1670 1591 1695 et
1605 1663 1638 1694 h.
1655 1663 1680 1696 l.
1701 1664 1745 1695 cf.

427 1719 495 1760 sup.
513 1715 589 1755 506.
613 1716 673 1752 XI,
697 1723 774 1754 727.
820 1715 987 1757 Tyrrhenus
1013 1713 1114 1745 Goth.
1143 1714 1217 1751 sec.‚
1246 1713 1332 1755 quod
1359 1714 1467 1744 ornari
1492 1712 1604 1755 posset,
1627 1713 1747 1748 fitanti

428 1779 481 1800 res
493 1767 578 1799 effer.
626 1770 728 1797 cunHa
743 1764 872 1796 tenebant
886 1764 1008 1805 aliquot
1027 1764 1111 1798 Pier.
1205 1764 1279 1803 605.
1295 1773 1328 1796 ut
1341 1765 1407 1795 latis
1423 1773 1444 1795 t.
1462 1764 1652 1797 emendabat
1660 1766 1746 1800 Tan.

429 1819 532 1851 Faber
547 1825 578 1849 et
595 1816 721 1853 Barth„
743 1826 807 1846 non
824 1815 1028 1857 improbante
1044 1815 1191 1853 Heinsio,
1206 1823 1239 1846 et
1254 1815 1376 1856 recepit
1393 1813 1474 1845 illud
1490 1814 1746 1857 Cuninghamus.

429 1870 578 1902 Heinsius
604 1868 701 1899 etiam
718 1868 813 1899 Latiis
832 1866 1022 1908 conjecerat.
1065 1867 1127 1897 letis
1153 1867 1267 1897 Franc.
1292 1876 1311 1896 a
1333 1874 1379 1896 m.
1405 1875 1458 1907 pr.
1506 1867 1534 1896 in
1556 1870 1642 1899 armis
1667 1869 1745 1900 Exc.

430 1924 543 1955 Burm.

430 1977 511 2009 clara
529 1973 630 2006 Goth.
644 1979 706 2004 tert
713 1993 721 2002 .

438 2096 531 2133 1241
579 2082 651 2121 Kal
699 2084 822 2128 le’,
888 2082 1059 2130 Ἀγῦλλης

434 2135 472 2173 θ’
491 2137 528 2174 αἱ
546 2137 725 2185 πολύᾗρηνοι
745 2138 863 2173 νάπαι.
915 2136 969 2172 At
999 2134 1060 2171 col-

431 2186 478 2225 les
496 2191 610 2227 cavi?
637 2200 724 2231 non,
743 2196 783 2224 ut
800 2187 911 2236 vulgo
927 2185 1058 2222 dicun-

434 2249 509 2282 tur,
541 2239 625 2276 saxa
660 2251 762 2281 cava,
797 2237 913 2280 exesa,
942 2249 1061 2274 caver-

434 2291 544 2337 nosa3
573 2305 606 2329 v.
627 2303 660 2327 c.
679 2289 755 2340 sup.
784 2293 857 2339 248
875 2287 1060 2339 Inclusum-

433 2358 495 2395 que
520 2359 607 2381 cavo
623 2345 733 2390 saxo3
762 2339 820 2377 sed
840 2340 903 2390 qui
932 2353 1057 2378 cavam

433 2395 566 2432 vallem
597 2392 772 2437 efficiunt,
803 2405 912 2442 quam
940 2392 1058 2430 inclu-

435 2446 527 2484 dunt
541 2462 552 2491 ;
586 2454 625 2482 ut
642 2443 808 2481 theatrum
825 2459 949 2481 cavum
962 2459 973 2489 3
1001 2459 1059 2482 ca-

434 2514 490 2536 Ιὐα
506 2496 626 2535 vallis.
680 2496 767 2533 600.
795 2494 962 2546 Pelasgos,
980 2500 1039 2546 qui
1047 2509 1059 2540 3

439 2549 614 2600 Agyllam
640 2546 734 2584 inter
756 2559 812 2583 eas
830 2545 984 2583 Etruriae
1002 2559 1061 2583 ur-

436 2600 498 2638 bes
534 2608 710 2637 memorat
741 2596 898 2645 Dionys.
928 2597 962 2642 I,
997 2609 1059 2637 20.

436 2652 513 2698 ΙΙΙ,
542 2654 606 2703 58,
625 2651 664 2688 in
682 2648 811 2700 quibus
830 2648 1060 2699 Pelasgorum

436 2704 554 2741 sermo
568 2702 798 2754 praevaluerat
813 2708 848 2737 et
863 2700 1060 2750 plurimum

439 2753 618 2793 Pelasoici
636 2753 745 2791 moris
762 2751 825 2789 diu
840 2751 1059 2790 obtinuerat.

439 2785 1063 2848 ussmmfflmnw.

632 1919 706 1952 606.
743 1921 805 1951 Hoc
831 1928 868 1963 p.
903 1918 992 1952 Leid.
1025 1925 1064 1950 ut
1092 1919 1160 1961 sup.
1193 1927 1269 1958 423.
1313 1918 1400 1950 elma
1431 1918 1495 1949 duo
1525 1918 1638 1952 Burin.
1679 1922 1748 1954 bello

1122 2081 1291 2133 lucumque
1321 2082 1469 2134 diemque
1493 2081 1543 2119 sc.
1571 2095 1643 2132 quo
1661 2095 1748 2121 con.

1122 2133 1301 2171 secrarant
1329 2133 1468 2178 lucum,
1501 2133 1662 2185 adeoque
1681 2135 1749 2173 sol-

1122 2186 1225 2222 lenne
1243 2197 1401 2222 annuum
1420 2185 1566 2222 Silvano
1589 2186 1749 2224 celebra-

1123 2246 1220 2273 runt.
1275 2239 1363 2285 603.
1393 2236 1485 2273 Non
1502 2238 1612 2281 male,
1643 2246 1748 2288 puto,

1122 2301 1259 2338 quaeras
1277 2300 1360 2324 curn
1384 2287 1530 2325 Servio:
1560 2289 1748 2339 quomodo

1122 2340 1231 2389 castra
1248 2345 1283 2376 in
1295 2345 1373 2377 tutis
1387 2339 1460 2378 locis
1476 2339 1605 2377 habere
1618 2350 1749 2392 potue-

1124 2391 1212 2436 rint,
1231 2390 1256 2428 fi
1274 2390 1314 2427 in
1327 2391 1420 2428 valle
1433 2400 1469 2428 et
1482 2392 1617 2441 eampis
1629 2401 1748 2441 erant,

1124 2451 1161 2480 et
1178 2455 1198 2480 e
1216 2441 1373 2479 collibus
1398 2441 1556 2493 prospici
1584 2452 1622 2479 et
1649 2443 1748 2480 adiri

1125 2503 1304 2545 poterant.
1357 2493 1451 2531 Effet
1466 2502 1584 2531 tamen
1597 2494 1668 2532 hoc
1681 2495 1751 2532 ali-

1125 2558 1234 2583 enum
1268 2557 1289 2582 a
1321 2544 1476 2583 lenione
1509 2549 1641 2595 po'etae,
1682 2546 1748 2598 qui

1126 2610 1222 2634 nunc
1257 2597 1368 2634 castra
1411 2595 1573 2647 epitheto
1620 2610 1750 2636 ornare

1124 2647 1269 2686 volebat
1288 2660 1310 2684 a
1327 2647 1517 2685 castrorum
1534 2656 1661 2686 natura
1683 2663 1751 2700 pe·-

1124 2699 1195 2737 tito
1212 2713 1220 2737 :
1250 2707 1395 2737 tuentur
1411 2699 1509 2737 enim
1534 2700 1644 2737 castra
1660 2714 1750 2751 quo-

1125 2751 1182 2788 vis
1199 2751 1310 2789 modo
1325 2750 1419 2788 fafia
1436 2763 1511 2795 eos,
1543 2751 1607 2801 qui
1637 2751 1676 2789 in
1702 2751 1753 2790 iis

1125 2802 1318 2846 excubant.
1371 2802 1459 2844 606.
1480 2800 1562 2845 bello
1573 2802 1660 2845 lma
1668 2803 1751 2894 yid.

1370 2877 1372 2880 >
1688 2868 1750 2907 uper
