1847 3313
361 287 778 345 AENEIDOS,
848 286 1000 334 LIB.
1049 285 1159 334 VII.
1346 285 1406 343 67

98 422 206 483 Jam
231 421 440 468 mediam
464 420 598 483 nigra
621 419 845 482 carpebat
870 419 1007 466 noete
1031 419 1259 482 quietem.

95 510 284 557 Alletsto
308 522 492 556 torvam
518 510 690 556 faciem
715 521 761 556 et
786 509 975 556 furialia
1000 509 1221 556 membra

94 598 244 645 Exuit
264 616 274 644 ε

95 690 162 737 Et
188 690 392 736 frontem
411 689 664 736 obscenam
683 689 814 752 rugis
839 698 938 734 arat
955 710 968 740 ,-

1307 519 1400 572 415

311 599 359 644 in
379 597 532 644 voltus
561 597 654 643 sese
678 596 984 643 transformat
1009 594 1163 650 anilis,

1007 684 1162 732 induit
1185 685 1318 732 albos

96 782 221 829 Cum
246 781 363 828 vitta
385 779 530 826 crinis
553 803 566 834 ;
600 791 704 826 tum
722 795 909 825 ramum
933 775 1128 823 inflet-lit
1152 774 1320 829 olivae;

96 868 175 915 Fit
199 868 376 931 Calybe
398 868 597 930 Junonis
622 883 735 914 anus
760 866 1030 929 templique
1055 863 1302 918 sacerdos3

96 958 336 1023 Etjuveni
350 971 455 1005 ante
469 959 628 1006 oculos
646 957 717 1004 his
735 957 778 1003 se
796 973 908 1004 cum
921 957 1115 1004 vocibus
1133 957 1293 1004 offert:
1311 971 1407 1017 420

139 1096 216 1127 414.
240 1090 327 1119 media
357 1090 465 1129 nigram
502 1095 534 1118 et
569 1087 656 1116 media
686 1088 779 1128 nigra,
814 1086 966 1117 aberratt.
1002 1086 1092 1118 codd.
1116 1087 1201 1118 Pier.
1233 1093 1267 1118 et
1289 1084 1403 1118 Heius.

94 1140 210 1169 mediam
240 1152 339 1181 magna
371 1139 473 1169 Goth.
506 1138 565 1169 sec.
1041 1139 1163 1179 capiebat
1186 1138 1245 1170 sec,
1281 1139 1406 1168 Moret.

181 1191 256 1226 416.
278 1191 352 1221 Exit
381 1197 407 1220 et
436 1192 463 1220 in
493 1189 613 1230 aliquot
645 1189 730 1221 Pier.
765 1200 838 1221 cum
869 1190 980 1221 Franc.
1034 1190 1173 1221 Videtur
1203 1190 1263 1220 hoc
1295 1199 1406 1220 recon-

94 1242 196 1274 ditam
226 1240 406 1272 dctstrinam
433 1239 571 1270 habere:
609 1241 729 1270 membra
759 1243 825 1271 exit.
872 1240 933 1271 Sed
956 1240 1122 1272 manifesta
1144 1241 1188 1272 est
1211 1240 1404 1283 corruptela,

95 1293 241 1325 Primum
257 1291 377 1322 librarii
391 1291 477 1332 lapsu
493 1293 583 1322 Exuit
597 1297 622 1321 et
639 1294 667 1321 in
683 1291 834 1332 scripturn
861 1300 949 1329 erat;
988 1299 1023 1322 ut
1049 1300 1154 1323 metro
1178 1291 1408 1325 consuleretur,

93 1344 148 1376 alii
165 1344 205 1375 fic
221 1343 479 1380 emendaverant,
501 1344 576 1373 Exit
589 1349 614 1372 et
637 1345 676 1380 in,
698 1341 763 1379 alii,
787 1345 879 1373 Exuit
893 1350 917 1372 et
933 1345 1039 1380 vultus,
1063 1343 1149 1384 quod
1165 1351 1196 1374 et
1212 1343 1315 1384 ipsum
1331 1340 1406 1373 libri

94 1398 226 1429 habent.
272 1398 436 1427 Venetus:
463 1397 563 1433 Exuit,
574 1398 602 1425 in
613 1397 707 1425 vultus
721 1395 957 1436 etfi.—-—-—418.
982 1399 1063 1426 ηεέῖίτ
1077 1395 1162 1428 Gud.
1175 1408 1192 1426 a
1209 1407 1256 1437 pr.
1275 1407 1405 1426 m.---—

93 1458 170 1490 419.
199 1449 321 1486 Chalihe,
345 1447 449 1486 Calibe,
476 1447 593 1485 Calibae,
617 1449 753 1485 Chalibae‚
778 1448 900 1485 Chalibo,
931 1447 1078 1488 imperite
1104 1459 1121 1478 a
1151 1448 1288 1478 librariis
1309 1447 1407 1488 scrip-

94 1508 175 1532 tum.
221 1499 354 1529 Editum
365 1498 484 1539 ubique
507 1498 634 1539 Chalybe.
679 1499 724 1528 At
742 1498 918 1528 Brunckius
934 1501 974 1530 V.
994 1499 1032 1528 C.
1049 1498 1083 1528 in
1101 1499 1223 1530 Medic.
1251 1498 1406 1539 scriptum

92 1553 217 1583 viderat
232 1551 342 1592 Calybe,
364 1556 396 1579 et
411 1549 496 1579 redte
513 1549 669 1587 restituit3
700 1549 744 1580 est
761 1549 846 1579 enim
879 1549 1010 1586 Καλόβη.
1057 1551 1129 1592 jam
1146 1558 1253 1581 autem
1269 1550 1406 1581 deterio-

93 1614 166 1635 rum
183 1610 312 1635 aetatum
333 1610 504 1643 perpetuus
523 1610 607 1638 mos,
641 1613 654 1630 c
685 1600 718 1630 in
738 1600 919 1631 molliorem
940 1601 1052 1631 sonum
1064 1609 1099 1631 ut
1112 1609 1263 1632 mutetur.
1309 1599 1404 1642 Apud

96 1655 261 1684 Donatum
276 1653 376 1690 Berua,
398 1661 434 1681 ex
451 1650 506 1681 lib.
517 1652 559 1687 V,
585 1651 658 1682 620.
704 1651 804 1680 Porro
821 1661 835 1680 a
849 1652 959 1681 Servio
973 1652 1039 1693 jam
1056 1651 1136 1682 ordo
1152 1652 1323 1682 verborum
1340 1651 1405 1681 fac-

91 1713 142 1735 tus
156 1715 164 1734 t
189 1706 237 1734 Fit
254 1703 362 1744 Calybe,
386 1708 412 1731 et
424 1701 544 1742 Junonis
559 1703 653 1742 templi
662 1702 869 1744 atmssrcerllos.
918 1704 1118 1733 Burmannus
1134 1703 1228 1733 aliam
1245 1704 1405 1734 rationem

91 1754 236 1797 subjicit:
260 1755 307 1784 Fit
323 1754 352 1783 C.
372 1764 438 1782 anus
454 1752 609 1792 etslzcerdos
625 1754 718 1793 templi
734 1753 775 1793 J.
818 1752 969 1784 Alterum
986 1754 1115 1792 durum,
1135 1754 1272 1784 alterum
1294 1754 1404 1785 solutae

92 1805 229 1838 orationi
242 1803 372 1846 propius
387 1804 526 1835 videtur.
577 1804 687 1844 Junvni
688 1816 783 1832 sssssss
800 1803 911 1834 dubito
925 1804 1018 1846 jungi
1039 1804 1135 1846 posse,
1159 1813 1193 1835 ut
1211 1805 1260 1842 fit,
1282 1805 1404 1848 Junoni

90 1857 176 1889 sacra
191 1867 278 1887 anus.
324 1856 420 1885 Forte
445 1854 559 1884 melius
571 1865 640 1884 rem
653 1853 691 1884 fic
708 1854 876 1896 expedias:
904 1856 1054 1897 Vulgaris
1065 1856 1147 1886 ratio
1171 1865 1258 1887 erat:
1276 1859 1403 1897 firm-dos

91 1921 159 1939 aenus
178 1908 215 1947 (s.
229 1905 348 1949 vetula)
364 1908 458 1946 templi
472 1906 613 1946 Junoni53
636 1916 693 1946 pro
711 1905 768 1936 hac
794 1905 919 1937 doetius
949 1907 1028 1938 dixit
1053 1909 1147 1949 poeta
1162 1918 1170 1938 :
1195 1910 1320 1949 sacerdos
1335 1919 1405 1939 anus

93 1961 213 2003 menis
229 1965 253 1988 et
268 1959 373 1999 templi,
462 1965 536 1994 420.
554 1956 686 1997 juvenem
698 1958 761 1988 duo
777 1958 888 1990 Burm.

622 1141 705 1179 nigra
728 1139 842 1168 mediam
872 1139 980 1170 Franc.

144 2075 188 2112 4¹
199 2074 233 2113 ς.
263 2062 391 2099 Αῐεξὶο
405 2060 508 2098 trinis
527 2061 643 2099 modis
659 2062 714 2099 fu-

91 2127 210 2154 rorem
229 2113 364 2162 injicit,
394 2116 534 2151 Amatae
563 2127 625 2164 per
643 2113 712 2150 ser-

91 2174 231 2216 pentem
253 2178 297 2201 ex
327 2165 472 2201 occulto
495 2165 710 2210 immiffum3

92 2230 187 2254 nune
220 2215 332 2253 Turno
364 2229 424 2266 per
451 2215 613 2253 somnum
648 2216 713 2253 sub

91 2267 210 2318 specie
245 2280 333 2303 anus
375 2267 711 2312 oblata31andem

779 2063 926 2121 Junams
959 2063 1165 2114 templique:
1211 2063 1251 2101 Si
1299 2064 1403 2101 aliter

772 2116 896 2166 jungis
913 2115 1033 2162 verba,
1063 2116 1180 2152 minus
1209 2129 1353 2153 commo
1358 2117 1402 2154 le

777 2167 837 2211 fit;
867 2167 927 2202 etfi
946 2180 1010 2202 nec
1032 2167 1099 2203 hoc
1124 2168 1224 2204 omni
1258 2168 1404 2206 incom-

778 2218 887 2254 modo
905 2229 1013 2255 caret.
1030 2218 1148 2268 Igitur
1162 2219 1355 2256 sacerdos
1341 2265 1344 2268 ψ
1365 2234 1404 2256 α-

775 2269 879 2305 ηοηίεε
910 2269 972 2306 tali
992 2281 1066 2306 erat
1084 2270 1226 2315 habitu,
1255 2282 1293 2307 ut
1310 2271 1402 2308 vitta

91 2333 139 2377 47
148 2332 166 2369 5
183 2318 258 2368 sqq.
310 2318 444 2356 canibus
458 2318 621 2355 rabiem
611 2332 711 2357 mcu-

90 2370 150 2407 tit.
179 2371 227 2407 cf.
247 2369 321 2420 sup.
341 2371 383 2407 ad
404 2382 574 2419 323—32
581 2383 617 2420 9.
656 2371 712 2407 ob-

79 2425 217 2470 scenam
235 2421 348 2471 fimpl.
361 2433 441 2472 pro,
454 2432 605 2471 turpem.
633 2422 713 2458 Ob-

94 2471 190 2510 serva
207 2482 325 2509 autem
344 2473 454 2523 epicae
471 2473 639 2510 dictionis
657 2487 712 2510 or-

89 2534 218 2566 natum
252 2523 290 2560 in
320 2524 406 2568 hoc,
438 2525 535 2573 quod
567 2525 713 2575 vulgtre

92 2574 205 2612 illud:
254 2575 426 2612 ‘affumit
453 2576 607 2612 formam
628 2590 713 2613 anus

96 2626 246 2677 rugosae,
272 2628 382 2663 canae'
387 2626 591 2664 ’resolvit'
582 2640 620 2663 m
640 2641 715 2664 ver-

97 2677 169 2715 ba.
159 2689 168 2698 ·
215 2689 312 2721 arat,
338 2680 461 2722 induit,
487 2681 648 2724 inneEit,
639 2693 647 2702 ⁰
679 2680 714 2717 h.

96 2741 130 2765 e.
148 2728 184 2765 ht
185 2727 282 2765 1‘bet
271 2741 434 2772 innexas,
447 2738 482 2765 et
502 2729 548 2766 fic
567 2729 716 2780 reliqua.

776 2332 811 2357 et
830 2321 1014 2370 oleaginea
1032 2334 1164 2359 corona
1184 2323 1318 2359 vineias
1339 2323 1402 2359 lia-

776 2372 877 2409 beret
906 2386 1039 2409 comas.
1095 2373 1260 2410 Imitatus
1289 2377 1333 2411 est
1363 2375 1402 2410 in

778 2423 916 2460 Tirefia
931 2424 1064 2460 Statius
1077 2424 1111 2460 Π
1127 2424 1246 2461 Theb.
1260 2439 1322 2476 97.
1336 2429 1401 2477 98.

779 2487 844 2525 99,
871 2474 959 2512 etin
984 2475 1202 2526 Amphiarao
1227 2477 1315 2519 Vll,
1339 2479 1400 2515 88.

782 2530 845 2576 89.
900 2528 1067 2584 Junogzem
1110 2538 1228 2565 autem
1270 2530 1400 2566 merito

778 2576 913 2627 posuit,
943 2578 1075 2628 quippe
1101 2593 1180 2629 quae
1210 2580 1328 2616 Turni
1348 2594 1401 2618 re

780 2629 845 2665 bus
872 2629 968 2665 stude
973 2640 1000 2672 t,
1028 2640 1063 2666 et
1098 2632 1200 2679 cujus
1226 2642 1293 2666 te1r
1299 2631 1398 2682 plum

779 2679 882 2717 fuisse
915 2680 1048 2718 Ardeae
1083 2694 1127 2718 ex
1165 2681 1252 2718 locis
1290 2683 1402 2721 Plinii

780 2732 931 2775 constat,
971 2731 1007 2768 in
1042 2733 1171 2784 quibus
1204 2733 1400 2782 antiquiffi-

94 2791 184 2831 419.
224 2781 282 2818 Fit
305 2780 448 2834 Calybe,
473 2783 719 2832 amtssacetdos
783 2795 858 2820 mas
886 2783 1056 2823 Ardeatis
1090 2784 1215 2836 templi
1242 2783 1402 2842 picturas

833 2833 867 2871 E
894 2848 917 2882 ᾳ
1251 2835 1403 2876 miratur
