1847 3313
399 307 488 355 226
569 304 622 351 Ρ.
685 300 1063 360 VIRGILU
1131 291 1532 350 MAROle

397 437 488 484 Ille
509 437 630 483 inter
646 436 800 483 caedes
820 435 1108 482 Rutulorum
1133 433 1310 481 elabsus
1330 432 1377 479 in
1399 449 1534 497 agros

402 525 685 588 Confugere,
716 536 763 571 et
787 524 942 571 Turni
967 524 1210 571 defendier
1226 522 1422 586 hospitis
1444 522 1608 572 armis-

399 619 532 681 Ergo
555 617 711 664 omnis
736 615 870 662 furiis
895 614 1091 661 surrexit
1114 614 1306 661 Etruria
1322 611 1490 677 justis:

402 710 586 773 Regem
611 707 669 754 ad
694 705 980 769 supplicium
1004 704 1227 768 praesenti
1253 704 1412 750 Marte
1437 702 1707 766 reposcunt.

403 802 500 849 His
523 818 612 866 ego
629 814 689 857 te,
707 799 873 857 AEnea,
889 798 1133 845 duetorem
1156 798 1371 844 millibus
1385 797 1576 844 addam.
1613 795 1712 859 496

405 894 533 941 Toto
556 905 760 954 namque
781 889 989 936 fremunt
1012 887 1259 935 condensae
1284 887 1422 934 litore
1445 902 1629 950 puppes
1647 907 1662 939 ;

408 987 644 1050 Signaque
668 980 972 1046 ferrejubent
986 1004 998 1035 ;
1024 981 1195 1028 retinet
1219 980 1462 1044 longaevus
1483 978 1717 1042 haruspex

409 1077 524 1125 Fata
547 1091 745 1122 canens:
781 1073 827 1119 O
850 1072 1079 1118 Maeoniae
1104 1070 1285 1118 deles&
1301 1071 1544 1135 juventus,

412 1168 522 1216 Flos
534 1180 747 1215 veterum
757 1164 993 1227 virtusque
1005 1162 1462 1227 virum,quosjustus
1477 1163 1524 1209 in
1535 1161 1717 1209 hostem

414 1259 525 1307 Fert
539 1258 688 1313 dolor,
712 1267 758 1302 et
782 1254 949 1301 merita
965 1251 1186 1299 adcendit
1211 1251 1480 1298 Mezentius
1500 1249 1598 1305 ira;
1635 1263 1719 1313 501

415 1348 553 1396 Nulli
578 1347 646 1399 fas
683 1345 803 1392 Italo
825 1355 1006 1390 tantam
1030 1339 1313 1403 subjungere
1335 1350 1554 1401 gentem:

415 1444 648 1491 Externos
670 1448 832 1500 optate
854 1436 1012 1482 duces.
1083 1434 1214 1479 Tum
1239 1432 1435 1479 Etrusca
1457 1433 1628 1482 resedit

463 1573 540 1606 492.
565 1565 636 1594 inter
658 1562 760 1594 caedem
788 1561 885 1592 Rom.
918 1566 950 1590 et
967 1569 1077 1590 ornnes
1099 1557 1286 1589 vetustiores
1301 1557 1389 1590 Pier.
1406 1565 1437 1589 et
1454 1557 1579 1596 Heins„
1603 1565 1638 1590 ut
1653 1559 1729 1591 hac-

420 1624 512 1648 tenus
527 1612 762 1656 praeferendum
778 1608 991 1651 fit.-2-495.
1031 1610 1171 1653 manifesto
1200 1609 1252 1640 M.
1280 1609 1416 1640 Oudart.
1448 1620 1485 1640 ex
1500 1608 1609 1651 glossa.
1647 1620 1731 1653 ρης-
1780 1622 1791 1633 x

413 1669 491 1713 seme
507 1667 604 1696 Rom,
692 1672 766 1704 497.
795 1663 921 1705 frement
940 1661 1024 1693 Gud.
1069 1663 1097 1691 in
1123 1662 1215 1691 littore
1237 1660 1318 1691 alter
1334 1660 1453 1691 Hamb.
1543 1661 1619 1702 498.
1645 1664 1734 1706 ferre

415 1720 513 1761 juvat
538 1717 622 1746 Ven.
657 1713 763 1754 jubent
784 1723 848 1743 non
875 1718 942 1742 tam
965 1711 1004 1742 ad
1032 1720 1142 1754 puppes
1176 1710 1394 1748 referendum,
1421 1721 1519 1752 quam
1543 1712 1675 1744 omnino
1691 1714 1732 1746 ad

425 1767 600 1810 Agyllaeos,
614 1776 694 1806 quos
716 1762 887 1795 declaravit
912 1763 944 1792 in
969 1762 1075 1792 verbis
1103 1765 1185 1793 omnis
1212 1763 1422 1794 Etruria—his
1437 1762 1564 1794 millibus,
1655 1775 1733 1808 499.

416 1823 508 1866 suffla
523 1832 547 1850 c.
568 1816 654 1848 Gud.
697 1816 842 1847 Maeonia'e
864 1813 965 1846 Goth.
986 1820 1077 1851 tert.,
1103 1813 1189 1844 forte
1205 1824 1263 1855 pro
1279 1813 1457 1851 Maeonidae3
1480 1820 1511 1843 et
1528 1812 1567 1844 fic
1584 1815 1672 1848 Serv.
1693 1817 1735 1849 ad

427 1873 489 1909 XI,
511 1878 582 1910 759.
627 1867 729 1898 dilet‘ra
757 1866 820 1896 duo
845 1865 1118 1902 Burm.—--—-500.
1143 1867 1171 1895 in
1193 1865 1278 1895 armis
1301 1864 1395 1895 Leid.
1484 1873 1561 1902 502.
1588 1867 1646 1897 Fas
1661 1869 1738 1900 Italo

427 1922 498 1955 nulli
520 1919 642 1959 aliquot
668 1917 754 1948 Pier.
787 1915 959 1959 summittere
983 1914 1127 1946 ed.Ven.
1218 1923 1294 1953 503.
1318 1923 1415 1957 optare
1436 1913 1517 1945 alter
1538 1917 1682 1959 Menag.,
1703 1927 1737 1952 at

429 1976 521 2005 serv.
550 1979 610 2011 pro
633 1978 701 1998 var.
731 1967 804 1998 leet.
828 1967 993 2010 exspeffate,
1015 1964 1112 2003 sorte,
1138 1965 1276 2008 speHate,
1306 1966 1420 1997 eodem
1443 1965 1510 1997 fere
1526 1966 1626 2007 sensu,
1647 1977 1683 2001 ut
1699 1971 1740 2005 fir

426 2021 568 2065 §anesum
597 2019 738 2061 adeoque
775 2018 898 2061 {angi-am
930 2025 962 2048 et
992 2016 1111 2059 eligere
1140 2016 1193 2047 vel
1222 2016 1342 2060 legere.
1374 2016 1459 2050 cons.
1491 2018 1604 2050 Burm-
1645 2023 1742 2063 rfstdi:

429 2078 558 2110 h1oret.
575 2078 649 2103 tert.

432 2194 488 2238 ΙΙ,
512 2206 596 2244 190.
623 2189 697 2235 VI,
718 2202 803 2241 529.
824 2202 908 2240 530.
963 2201 1054 2239 495.

1119 2187 1276 2240 Virgilii
1290 2188 1437 2226 inventa
1450 2188 1674 2227 referendum
1688 2186 1742 2225 vio

430 2248 590 2298 praesenti
607 2244 742 2285 Marte,
769 2242 865 2278 bello
894 2253 968 2277 non
997 2241 1055 2277 di-

1120 2241 1241 2278 detur.
1294 2240 1477 2278 Extraneo
1508 2250 1627 2277 autern
1652 2238 1742 2276 duci

437 2299 527 2342 lato,
552 2295 685 2346 quippe
701 2293 769 2330 hoc
796 2292 873 2343 ipso
897 2302 1058 2343 tempore

438 2350 479 2386 in
506 2347 616 2385 armis
646 2345 727 2382 sunt
749 2353 785 2381 et
802 2343 949 2394 quidem
969 2343 1056 2380 clas-

437 2401 511 2438 sem
546 2406 728 2450 pararunt,
763 2408 833 2446 qua
869 2395 908 2432 in
943 2396 1057 2433 altum

440 2452 555 2489 eveffl
581 2449 683 2487 littus
701 2447 920 2484 Rutulorum
937 2455 1060 2497 petant

439 2503 645 2551 bellumque
661 2498 819 2537 inferant
848 2498 991 2543 Turno,
1023 2498 1063 2535 ni

443 2552 673 2592 Mezentium
692 2550 738 2587 ad
765 2547 979 2600 supplicium
998 2550 1064 2586 de-

442 2604 593 2643 diderit.

499 2658 573 2707 498
602 2654 679 2704 sqq.
719 2652 804 2691 Hoc
834 2651 880 2689 de
911 2651 1065 2689 Etrusco

447 2708 606 2759 aruspice
622 2715 881 2748 commentum,
907 2703 972 2753 qui
986 2705 1067 2741 Cae-

448 2759 579 2799 retanis
596 2755 784 2796 conatibus
800 2764 1001 2806 opportune
1015 2754 1070 2791 in·

451 2810 618 2854 tercedit,
645 2817 686 2846 ut
706 2807 753 2845 ad
784 2807 908 2845 AEneae
937 2806 1071 2843 adven-

450 2873 529 2902 tum
546 2874 598 2901 res
610 2860 809 2907 differatur,
822 2858 916 2901 inter
929 2858 1072 2910 potiora

1120 2291 1297 2329 exereitus
1340 2292 1636 2336 committendus,
1684 2290 1742 2327 uti

1122 2343 1278 2381 Lavinia
1294 2353 1444 2381 externo
1461 2343 1542 2381 viro
1554 2342 1742 2393 jungenda

1122 2395 1190 2433 lib.
1219 2394 1314 2439 VII,
1340 2398 1391 2445 96
1418 2394 1496 2445 sqq.
1550 2393 1749 2431 Essehuno

1123 2446 1324 2497 aruspicem
1357 2446 1476 2496 ipsum
1510 2445 1614 2483 illum
1650 2445 1746 2483 Tar-

1125 2498 1279 2536 chonem
1309 2511 1345 2536 v.
1377 2499 1466 2549 506,
1500 2506 1602 2535 notat
1628 2495 1750 2544 Julius

1126 2548 1280 2586 Sabinus
1299 2561 1309 2586 ε
1354 2562 1480 2599 parum
1498 2547 1750 2600 probabiliter,

1131 2602 1165 2638 Ο
1183 2602 1370 2639 Maeoniae:
1405 2613 1449 2638 ex
1467 2614 1556 2651 479.
1576 2603 1666 2649 480.
1681 2601 1750 2646 flos

1129 2664 1281 2690 veterum
1301 2667 1315 2690 .·
1351 2651 1557 2689 Ennianum
1588 2652 1658 2687 hoe
1682 2652 1752 2689 effe

1135 2703 1277 2741 Servius
1307 2704 1470 2741 testatur:
1506 2702 1567 2740 etfi
1587 2715 1652 2740 nec
1670 2715 1752 2740 om«

1134 2755 1223 2792 nino
1239 2755 1456 2805 infrequens,
1483 2766 1528 2792 ex
1545 2755 1664 2797 ἄωτον,
1693 2755 1752 2791 οἵ»-

1136 2806 1215 2852 ἓοςς
1243 2809 1310 2857 flos
1336 2817 1367 2843 et
1391 2812 1505 2844 ‘vinus
1524 2806 1561 2843 h.
1580 2806 1604 2843 l.
1639 2804 1757 2842 robur

1137 2859 1278 2911 populi,
1294 2857 1357 2910 qui
1366 2858 1561 2911 >antiquam
1573 2855 1753 2947 origlirffem

1661 2920 1679 2946 a
1727 2916 1761 2951 t.
