1847 3313
392 293 488 343 116
586 290 644 344 P.
690 291 1070 346 VIRGILII
1139 297 1531 351 MARONIS

389 423 660 474 Exercebat
683 442 845 489 equos,
880 443 1111 491 curruque
1135 428 1185 477 in
1214 430 1338 478 bella
1360 431 1544 479 ruebat.

458 517 480 563 I
485 516 563 580 pse
587 517 708 564 inter
721 518 902 581 primos
920 520 1159 582 praestanti
1185 537 1385 584 corpore
1402 521 1594 570 Turnus

394 607 609 654 Vertitur
631 625 762 655 arma
786 621 962 666 tenens,
996 623 1041 657 et
1065 623 1167 657 toto
1191 611 1369 658 vertice
1394 611 1531 674 supra
1555 612 1638 661 est.
1679 668 1681 670 ,

394 699 487 747 Cui
505 699 686 763 triplici
710 700 1012 765 crinitajuba
1030 704 1160 766 galea
1179 705 1272 750 alta
1296 704 1589 752 Chimaeram
1613 707 1702 767 785

394 790 617 847 Sustinet,
650 790 867 838 AEtnaeos
890 793 1129 838 efflantem
1150 792 1364 840 faucibus
1390 794 1541 857 ignis:

392 886 520 934 Tam
536 886 689 950 magis
703 886 784 932 illa
799 886 1018 943 fremenS‚
1034 897 1080 932 et
1097 885 1303 932 tristibus
1323 886 1465 932 effera
1482 886 1706 944 flammis,

393 977 559 1042 Qiam
593 976 748 1037 magis
772 974 921 1020 effuso
943 974 1222 1021 crudescunt
1244 974 1470 1039 sanguine
1493 990 1702 1038 pugnae:

391 1071 461 1116 At
481 1067 635 1113 levem
652 1065 861 1130 clipeum
881 1065 1069 1113 sublatis
1093 1065 1315 1113 cornibus
1339 1066 1395 1113 Io

437 1224 513 1264 784.
541 1224 665 1255 Venerat
682 1222 782 1254 Goth.
799 1223 871 1261 sec.‚
894 1222 1032 1265 pessime.
1054 1233 1086 1255 v.
1102 1223 1182 1254 Not.
1226 1222 1287 1253 Hic
1311 1221 1354 1254 vs.
1381 1222 1466 1254 deest
1493 1224 1627 1264 Mcnag.
1651 1230 1703 1265 pr.

388 1285 466 1307 cum
483 1275 582 1306 Goth.
601 1282 674 1306 tert.

394 1326 530 1368 Menag.
550 1336 598 1368 pr.
614 1333 644 1357 et
663 1327 773 1357 Franc.
789 1336 862 1357 eum
879 1326 960 1356 binis
977 1326 1076 1357 Goth.

764 1274 837 1313 785.
862 1277 970 1306 crinata
987 1274 1067 1305 alter
1079 1277 1210 1314 Men-ag.
1238 1280 1270 1304 et
1292 1274 1376 1304 Ven.

1468 1272 1542 1312 786.
1563 1275 1707 1318 efflantem

1168 1326 1241 1364 787.
1266 1327 1342 1368 Jam
1368 1336 1445 1367 mag.
1465 1325 1586 1356 Medic.
1631 1326 1706 1356 ‘Tum

389 1376 496 1407 Goth.
512 1377 568 1408 alt.
616 1379 682 1422 ἑζᾳο
694 1389 768 1418 mag.
789 1377 889 1407 Goth.
906 1377 988 1418 apud
1008 1376 1166 1419 Qincril.
1181 1375 1237 1408 lib.
1257 1377 1319 1414 IX,
1342 1385 1372 1414 3,
1397 1374 1452 1417 qui
1469 1376 1554 1407 inter
1569 1376 1707 1407 archais-

392 1436 464 1458 mos
493 1427 603 1460 refert.
650 1427 775 1459 Scilicet
804 1427 937 1470 vulgare
960 1435 1028 1459 erat
1043 1437 1065 1472 εδ
1081 1428 1264 1472 Qo-Hoc.

391 1479 502 1523 Sprot.

443 1594 517 1644 783
537 1593 615 1644 sqq.
634 1592 693 1631 De
706 1591 834 1631 Turno
850 1592 928 1630 vid.
943 1592 1017 1629 Ex-

385 1647 484 1688 curs.
510 1645 602 1690 VII,
629 1647 674 1683 de
704 1646 780 1696 ejus
804 1644 922 1696 copiis
941 1644 1016 1680 Ex-

388 1699 484 1736 curs.
504 1697 615 1736 VIII.
667 1703 819 1735 ‘vertitur
845 1697 949 1734 doste
970 1695 1016 1732 ad

390 1750 507 1787 animi
522 1747 753 1800 corporisque
771 1748 937 1800 vigorem
954 1748 1016 1784 de-

387 1803 620 1853 figuandum,
663 1811 798 1843 movet,
856 1798 934 1850 agit
966 1799 1014 1841 se,

387 1867 460 1906 pro
478 1851 632 1897 incedit,
659 1861 698 1888 ut
717 1851 911 1902 ςξέφεσὲκι.
951 1854 1016 1899 st·

383 1917 456 1958 pra
490 1909 545 1956 est,
571 1905 739 1954 ὑπεξέχει.
793 1904 1016 1953 Comparant

389 1958 508 2010 intpp.
523 1956 629 1994 Iliad.
649 1959 689 1998 β,
708 1957 795 1994 226.
816 1967 902 2005 227.
941 1956 1014 2004 785

389 2015 534 2062 ——788.
563 2008 746 2046 manifeste
763 2006 919 2057 vestigiis
934 2006 1014 2042 Ho-

389 2062 481 2100 meri
501 2061 639 2104 infistit,
666 2059 802 2097 ornatis
835 2059 917 2096 sane
935 2070 1013 2094 ver-

389 2114 462 2159 bis,
488 2114 548 2152 sed
576 2123 616 2150 ut
648 2111 699 2150 rei
714 2111 889 2148 miraculo
907 2109 1015 2147 fidem

387 2180 518 2219 parum
535 2166 660 2203 faciat.
713 2163 823 2200 Recle
848 2162 957 2199 Iliad.
986 2176 1015 2204 ε,

388 2219 511 2270 4'sqq.
545 2214 741 2254 Diomedis
770 2214 872 2265 galea
911 2225 1015 2256 aerea,

388 2270 528 2320 clipeus
552 2276 590 2306 et
606 2267 734 2304 thorax
752 2268 790 2303 in
807 2265 878 2302 sole
897 2264 1016 2301 corus-

387 2334 476 2360 cans
493 2321 615 2371 ignem
633 2318 816 2355 effundere
827 2327 1013 2359 narrarur3

388 2373 560 2422 idemque
584 2369 647 2410 etfi
676 2369 800 2419 paullo
828 2366 942 2418 magis
976 2366 1015 2403 in

383 2423 605 2463 miraculum
634 2420 847 2458 conversum
882 2417 1015 2455 tribuit

392 2475 551 2514 Achillis
581 2473 692 2524 galeae
727 2471 836 2508 Iliad.
871 2488 910 2514 σ,
939 2481 1012 2520 205

386 2529 469 2579 sqq,
521 2523 703 2575 Virgilius
741 2522 903 2573 expressit
925 2533 1014 2557 eum

387 2581 511 2619 locum
528 2576 597 2615 lib.
627 2575 682 2620 X,
709 2587 784 2626 270
808 2573 932 2630 sqq.;·
952 2571 1014 2608 hic

386 2644 475 2670 vero
507 2629 618 2667 etiam
650 2625 753 2663 auxit
784 2624 1014 2677 prodig1u1n‚

384 2696 473 2721 cum
504 2680 619 2732 galea,
663 2676 846 2714 Chimaera
874 2684 1014 2717 ornata,

387 2735 531 2771 furente
550 2732 588 2768 in
609 2729 730 2781 praelio
750 2728 895 2771 Turno,
923 2726 1016 2763 iuver

387 2794 509 2823 motus
521 2782 662 2832 rapidos
675 2790 710 2817 et
730 2778 945 2829 multiplices
964 2777 1011 2814 ita

383 2835 568 2881 coruscet,
597 2844 644 2871 ¹ut
669 2831 913 2875 -Chimaeram,
940 2841 1014 2881 quo

1357 1425 1430 1468 789.
1451 1427 1508 1458 Ad
1532 1427 1616 1458 Gud.
1662 1428 1708 1460 Et
1742 1428 1745 1431 ’

1080 1590 1195 1642 magis
1230 1603 1352 1641 pugna
1387 1590 1607 1633 exardescat,
1661 1601 1708 1627 eo

1081 1643 1197 1693 magis
1231 1642 1390 1680 flammas
1422 1642 1561 1692 ¹spirare
1592 1640 1707 1679 dicat.

1083 1695 1171 1731 Hoc
1191 1706 1335 1732 monere
1359 1694 1466 1731 satius
1483 1703 1572 1737 erat,
1598 1705 1707 1743 quam

1082 1745 1184 1782 inani
1219 1746 1484 1796 reprehensione
1515 1746 1571 1782 vel
1602 1745 1709 1781 laude

1081 1798 1202 1834 locum
1233 1807 1398 1841 atterere,
1427 1797 1526 1846 quod
1545 1795 1709 1846 Scaliger

1081 1862 1225 1898 quoque
1253 1848 1342 1885 facit
1375 1849 1479 1885 Poe't.
1507 1848 1574 1885 lib.
1594 1847 1646 1892 V,
1672 1860 1709 1886 c.

1083 1913 1121 1949 3,
1141 1914 1177 1950 p.
1201 1901 1272 1938 228
1289 1899 1348 1937 ed.
1371 1900 1464 1951 1561
1489 1900 1706 1950 impugnans

1081 1951 1252 1989 Macrob.
1281 1951 1334 1994 V,
1371 1964 1413 2000 13
1433 1963 1542 1996 extr„
1569 1951 1607 1987 in
1633 1964 1707 2001 quo

1083 2002 1154 2040 hoc
1172 2002 1459 2052 reprehenditur,
1485 2003 1583 2053 quod
1599 2004 1707 2040 ἀσπί-

1080 2055 1130 2092 δος
1155 2056 1334 2100 ἀκάματον
1366 2061 1429 2104 πῦς
1463 2054 1708 2091 Homericum

1081 2106 1189 2143 toties
1223 2106 1366 2157 repetiit
1406 2106 1588 2155 Virgilius
1631 2105 1706 2148 IX,

1083 2171 1173 2209 733.
1203 2158 1258 2201 X,
1276 2171 1363 2208 271.
1391 2157 1605 2200 V111,620.
1645 2156 1706 2194 Est

1082 2219 1203 2246 autem
1215 2210 1320 2261 galea
1339 2215 1459 2246 crinita
1483 2209 1708 2260 trJPlicijztba

1080 2263 1198 2310 ἕχεσκ
1218 2266 1300 2312 τξεῖς
1317 2263 1433 2309 λόφες,
1453 2273 1560 2311 quam
1579 2262 1710 2310 τςυφαί-

1079 2322 1168 2350 λεικν
1200 2313 1335 2350 dietam
1354 2314 1481 2350 volunt
1497 2325 1562 2362 pro
1583 2314 1706 2361 τξιφά-

1080 2374 1167 2403 λεια.
1236 2369 1308 2415 789
1345 2364 1396 2414 sq.
1425 2364 1466 2400 In
1497 2363 1616 2413 clipeo
1646 2377 1709 2401 ex-

1081 2417 1188 2466 preffa
1206 2416 1248 2452 Io
1263 2428 1346 2452 cum
1366 2415 1526 2452 Inacho:
1557 2428 1638 2452 nam
1658 2415 1704 2456 ab

1080 2469 1150 2505 hoc
1168 2467 1324 2504 ducebat
1343 2479 1454 2517 genus
1466 2465 1614 2503 Turnus
1627 2466 1705 2517 sup.

1078 2533 1114 2557 v,
1155 2532 1223 2569 371
1276 2518 1346 2567 seq.
1394 2517 1519 2567 ibique
1553 2517 1706 2556 Excurs.

1065 2571 1215 2620 sublatis
1244 2569 1391 2608 cornibus
1419 2569 1458 2605 Io
1489 2580 1614 2606 ornate
1641 2582 1706 2619 pro

1079 2622 1122 2659 Io
1137 2632 1288 2658 cornuta
1303 2633 1313 2656 z
1335 2630 1585 2670 argumentum
1595 2621 1705 2658 etiam

1080 2674 1118 2711 in
1137 2672 1294 2724 geminis
1313 2672 1508 2722 express'um
1547 2676 1597 2720 (V.
1618 2672 1707 2722 Lip-

1105 2737 1170 2762 ert.
1189 2724 1326 2775 Dafflyl.
1344 2723 1441 2761 Mill.
1461 2721 1514 2766 Π,
1548 2737 1582 2766 1,
1617 2726 1677 2770 18>
1694 2735 1704 2759 ι

1079 2739 1183 2812 lislale
1237 2788 1302 2826 pro
1354 2773 1498 2819 ablatis,
1557 2774 1706 2818 demtis,

1077 2827 1200 2867 Cerda
1216 2838 1252 2866 et
1270 2827 1317 2865 al.
1370 2825 1510 2864 Locum
1534 2837 1705 2876 perquam

1556 2876 1708 2915 similem
