1847 3313
311 278 336 313 2
718 259 1225 313 PRAEFATIO

312 404 425 450 bam
451 403 554 448 viro
576 400 719 456 bono,
741 399 824 461 qui
845 399 891 444 in
915 414 970 444 eo
987 413 1144 460 operae
1159 411 1347 460 genere,
1382 410 1478 458 quo
1503 396 1631 459 pub..

316 484 460 531 licam
499 482 750 530 utilitatem
776 479 1067 544 propolitam
1103 479 1273 525 habere
1298 492 1344 525 et
1366 479 1633 525 doetrinam

317 568 690 614 adolescentium
715 566 838 611 alere
863 576 908 610 ct
933 563 1113 626 possem
1138 574 1184 608 et
1207 563 1447 618 deberem,
1470 577 1565 607 non
1586 559 1636 606 id

318 651 549 715 sequerer,
573 649 702 713 quod
737 646 932 698 consilio
955 645 1065 690 huic
1093 643 1461 689 consentaneum
1486 641 1638 698 sactu-

320 754 413 799 que
449 732 995 798 optimumjudicarem,
1066 728 1215 774 Erant
1238 740 1345 774 ante
1378 727 1540 773 oculos
1566 736 1638 771 tot

321 819 543 881 exempla
565 829 778 863 veterum
801 813 1102 876 scriptorum,
1127 812 1175 856 in
1194 810 1382 872 quibuS,
1406 824 1519 855 cum
1542 807 1644 871 pri-

325 919 407 950 mo
432 904 537 949 loco
562 899 819 962 spectarent
843 909 888 942 et
912 896 1065 941 editor
1082 907 1125 940 et
1143 892 1377 948 librariuS,
1400 889 1644 954 quidinde

326 987 373 1032 in
394 985 572 1032 loculos
595 981 784 1036 rediret,
809 977 889 1024 etsi
908 976 1091 1023 acccffit
1109 977 1249 1021 bonae
1262 975 1410 1036 frugis
1428 973 1645 1034 aliquan-

327 1082 450 1124 tum,
473 1065 695 1114 effectum
715 1074 873 1107 tamen
893 1059 972 1116 est,
998 1070 1048 1103 ut
1074 1058 1130 1113 ei,
1148 1056 1276 1119 quod
1300 1056 1346 1101 in
1365 1070 1486 1101 nova
1505 1052 1647 1099 editi-

328 1168 418 1199 one
442 1147 785 1212 expectandum
802 1157 848 1191 et
863 1142 1125 1207 optandum
1143 1152 1255 1196 erat,
1280 1138 1567 1185 satisfactum
1592 1137 1647 1183 fit

331 1249 502 1298 parum
527 1242 607 1277 aut
629 1227 765 1284 nihil,
789 1224 870 1273 etfi
893 1241 1003 1271 cum
1029 1233 1268 1269 emtorum
1291 1218 1502 1282 impensa
1525 1218 1650 1265 haud

333 1314 525 1364 modica
549 1313 593 1358 in
616 1311 793 1357 librum
817 1306 1068 1371 eroganda.
1137 1303 1352 1350 Omnino
1374 1319 1427 1348 ea
1451 1300 1542 1348 fuit
1559 1299 1654 1346 fre-

333 1409 561 1464 quentata
578 1394 697 1442 ratio
712 1392 771 1438 ab
787 1389 1046 1437 editoribus
1065 1385 1362 1449 superiorum
1377 1395 1655 1445 temporum
1727 1409 1731 1411 -

336 1494 522 1531 tantum
546 1493 643 1524 non
666 1474 919 1525 omnibus;
966 1470 1001 1516 fi
1027 1468 1291 1515 Gesnerum
1317 1465 1456 1531 forte,
1501 1464 1656 1510 multo

338 1563 492 1625 magis
518 1557 787 1606 Ernestiuni
813 1551 1052 1614 excipias;
1077 1560 1129 1595 ut
1162 1561 1243 1594 aut
1266 1545 1486 1592 criticam
1509 1543 1660 1590 subti-

340 1648 542 1697 litatem,
567 1640 613 1685 in
639 1637 793 1684 verbis
819 1634 1014 1688 scilicet,
1038 1646 1095 1676 ne
1119 1630 1167 1675 in
1191 1626 1431 1675 sententiis
1449 1625 1662 1688 quidem,

341 1729 487 1777 solam
504 1725 700 1786 dignam
718 1729 937 1783 putarent
953 1715 1054 1760 viro
1074 1711 1216 1759 dod‘to
1235 1734 1244 1764 ;
1272 1721 1351 1755 aut
1367 1709 1488 1755 notis
1507 1708 1663 1754 vario-

345 1829 455 1860 rum
493 1810 541 1855 in
565 1822 716 1853 unum
743 1804 957 1856 cinnum,
992 1797 1069 1844 seu
1095 1796 1143 1842 in
1169 1794 1386 1848 saturam,
1422 1792 1667 1856 conjeetis,

346 1903 673 1960 pannorumve
697 1900 830 1931 more
851 1883 971 1929 inter
986 1880 1030 1926 se
1054 1876 1275 1932 consum,
1299 1875 1364 1920 ita
1382 1874 1666 1936 interpreta-

348 1976 469 2024 tioni
494 1974 539 2021 se
562 1966 840 2020 consuluisse
865 1963 1139 2013 crederent;
1174 1970 1254 2005 aut
1273 1969 1325 2003 ut
1349 1954 1561 2012 subinde,
1583 1954 1668 2000 ubi

350 2066 617 2107 occurreret
640 2051 790 2100 oculis
811 2063 901 2094 vox
925 2061 1026 2092 rara
1060 2054 1107 2089 et
1139 2037 1384 2102 exquifita,
1409 2035 1670 2082 formulave

353 2137 578 2202 loquendi
592 2131 849 2188 doctior,in
867 2129 987 2174 hanc
1002 2123 1263 2171 involarent
1277 2132 1323 2166 et
1340 2118 1669 2181 exemplorum

354 2219 594 2284 congerie,
622 2213 862 2263 interdum
880 2203 1224 2268 sexcentisjam
1249 2203 1298 2250 in
1322 2201 1437 2248 locis
1455 2200 1674 2246 cumula-

355 2322 418 2364 ta,
452 2317 697 2365 tamquam
723 2299 954 2345 Caeneum
973 2292 1019 2339 in
1037 2289 1208 2346 fabula,
1225 2287 1504 2334 obruerent:
1528 2282 1676 2329 inter-

358 2392 477 2438 dum
512 2383 697 2448 prorsus
723 2378 887 2433 securi,
925 2391 1032 2438 quae
1066 2372 1259 2420 tandem
1289 2367 1423 2414 verbi
1452 2366 1523 2412 vis
1547 2365 1595 2411 in
1620 2380 1677 2411 eo

361 2475 468 2521 loco
483 2469 608 2525 esset,
630 2467 686 2512 ad
702 2479 845 2527 quem
862 2462 966 2507 haec
985 2458 1147 2505 omnia
1173 2451 1529 2502 converrebant.
1566 2451 1680 2497 Me-

362 2555 485 2605 mini
522 2554 682 2613 itaque
707 2563 784 2595 me
810 2545 1005 2592 subinde
1030 2543 1080 2588 in
1103 2539 1303 2587 lectione
1326 2548 1541 2582 veterum
1566 2549 1680 2579 auc-

365 2654 522 2688 torum
549 2632 873 2696 indignatione
898 2624 1250 2678 excandescere,
1275 2636 1388 2667 cum
1412 2618 1459 2665 in
1477 2617 1609 2674 locis,
1630 2613 1681 2662 in

366 2721 538 2784 quibus
562 2715 819 2768 haerebam,
841 2709 960 2757 nihil
984 2706 1165 2764 auxilii,
1188 2720 1246 2750 nc
1262 2701 1447 2748 monito
1469 2698 1682 2762 quidem,

367 2803 531 2850 locum
555 2798 642 2846 effe
665 2793 927 2849 difficilem,
964 2787 1254 2853 impeditum
1288 2794 1369 2830 aut
1390 2793 1688 2842 corruptum,

1520 2874 1688 2911 contra
