1847 3313
389 232 810 315 AENEmos,
859 252 1013 303 LIB.
1062 246 1158 300 lx.
1323 248 1419 314 367
1478 326 1481 329 Δ

110 397 335 449 Sufficere
359 415 372 449 ;
408 391 583 439 aeriam
609 385 737 441 coelo
762 400 872 431 nam
897 382 1117 445 Juppiter
1137 377 1258 426 Irim

107 487 329 544 Demifit,
352 496 591 549 germanae
615 476 739 524 haud
769 474 931 523 mollia
946 471 1067 536 juffa
1091 470 1325 519 ferentem
1340 491 1357 526 ς

109 578 180 627 Ni
203 577 392 623 Turnus
415 571 550 619 cedat
580 568 877 615 Teucrorum
903 562 1146 610 moenibus
1170 561 1294 609 altis.
1334 563 1422 629 805

110 670 245 733 Ergo
269 681 354 712 nec
378 664 537 726 clipeo
552 659 742 725 juvenis
765 656 1003 704 subsistere
1027 666 1233 712 tantum,

113 759 217 807 Nec
239 758 405 805 dextra
427 754 578 801 valet:
615 750 798 814 injeffis
821 747 882 795 fic
909 747 1118 809 undique
1140 744 1245 792 telis

113 850 365 897 Obruitur.
434 841 610 905 Strepit
630 839 821 886 adfiduo
845 852 959 884 cava
980 848 1195 898 tempora
1217 835 1405 884 circum
1456 835 1460 841 '

115 938 316 987 Tinnitu
339 933 486 996 galea,
511 941 557 976 et
580 928 695 976 saxis
719 926 866 974 solida
889 941 984 986 aera
1009 924 1261 980 fatiscunt3

163 1066 236 1105 803.
273 1067 300 1095 in
323 1061 390 1094 coelo
411 1057 533 1090 Hamb.
560 1057 619 1088 sec.
671 1056 738 1098 jam
760 1055 891 1097 quidam
914 1054 998 1098 apud
1018 1053 1108 1085 Serv.
1137 1053 1177 1085 ad
1200 1047 1230 1085 V
1253 1055 1329 1084 AEn.
1353 1051 1434 1087 606,

120 1120 182 1152 Irin
206 1125 237 1147 et
262 1125 293 1145 v.
331 1113 394 1149 804
417 1111 532 1152 Dimistt
562 1108 614 1140 vel
636 1111 766 1141 Dimittit
796 1109 907 1138 Franc.
960 1108 1031 1148 mffit
1064 1104 1185 1146 aliquot
1213 1105 1296 1137 Pier.
1355 1105 1432 1135 Non

125 1168 282 1208 assequor,
303 1163 381 1205 quid
397 1161 585 1192 Villebrune
602 1161 641 1191 ad
667 1159 780 1190 Silium
799 1160 825 1197 Ι,
851 1166 911 1198 113
933 1157 989 1189 fibi
1005 1156 1104 1187 velit:
1139 1160 1159 1175 “
1181 1156 1269 1188 diaa.
1310 1155 1432 1198 Virgil,

121 1221 185 1257 IX,
207 1217 284 1254 804,
307 1214 362 1245 ubi
393 1219 503 1244 contra
533 1210 631 1242 fidem
659 1211 805 1241 codicum
826 1208 974 1241 nonnulli
997 1207 1108 1249 legunt
1137 1206 1227 1252 jzffz.
1248 1207 1267 1219 ”
1357 1206 1431 1239 806⁶

121 1283 188 1304 none
211 1265 358 1299 Parthas.
397 1264 517 1306 juvenis
541 1263 632 1306 clypeo
659 1262 795 1293 Mentel.
816 1260 1033 1304 pr.-——-807.
1059 1259 1169 1301 objeffls
1196 1259 1343 1291 Macrob.
1371 1260 1434 1299 VI,

123 1333 155 1363 3.
196 1322 315 1353 invenis
334 1316 442 1349 Goth.
460 1322 550 1354 tert„
571 1325 752 1358 perperam.
842 1313 918 1356 809.
943 1312 1079 1355 Singultu
1102 1311 1184 1343 alter
1199 1311 1322 1345 Hamb.

123 1413 215 1452 Irim
248 1412 389 1449 mittere
419 1411 542 1461 posset,
562 1423 643 1461 quae
663 1422 744 1447 eam
811 1420 886 1452 unt,
915 1407 1013 1447 velut
1037 1408 1155 1452 imber,
1186 1407 1254 1446 tela
1272 1404 1433 1446 Tribuno.

124 1466 289 1503 recedere
318 1463 472 1513 juberet,
527 1461 584 1498 Ta
592 1474 670 1498 men
691 1463 748 1499 vel
814 1462 1012 1512 Confligunt
1017 1471 1202 1511 parmam:
1220 1466 1322 1497 tinnit
1334 1459 1437 1508 hessi-

126 1518 176 1556 fic
201 1515 359 1554 imitatio
377 1514 484 1552 nimis
502 1512 684 1551 manifesta
701 1513 748 1550 est
814 1513 900 1550 libus
913 1511 1022 1555 umbo,
1040 1512 1090 1549 AE
1094 1521 1165 1548 rato
1169 1515 1285 1561 sonitu
1294 1511 1406 1561 galeae
1419 1521 1435 1546 t

127 1582 172 1607 ex
188 1568 297 1605 Iliad.
318 1567 356 1611 S,
378 1580 446 1616 307
467 1565 517 1615 sq.
555 1583 585 1609 ο,
609 1577 675 1616 157
694 1565 747 1614 sq.
804 1566 872 1614 sed
885 1577 941 1600 nec
949 1573 1024 1612 pote
1037 1565 1202 1614 quffquczm
1221 1563 1372 1613 Undique
1384 1567 1438 1600 ni-

127 1631 165 1658 et
189 1621 252 1662 al„
284 1627 319 1655 et
347 1617 415 1655 Iris
443 1618 519 1666 jam
546 1616 631 1653 libri
646 1617 752 1665 hujus
816 1616 911 1653 tendo
921 1624 1031 1664 corpus
1049 1613 1247 1663 (Tribuni)
1266 1616 1438 1663 dist-erpere

128 1670 212 1710 init.
232 1669 408 1708 mandatis
421 1669 574 1717 junonis
590 1668 636 1704 ad
652 1668 750 1704 Tur·
801 1671 915 1717 ferro.
971 1666 1103 1716 Srmper
1119 1664 1340 1703 abundanteis
1361 1664 1439 1715 ἐνιψ-

130 1736 216 1761 num
234 1720 454 1773 perferendis
471 1729 600 1768 partes,
625 1732 646 1755 a
661 1723 750 1768 poe-

130 1783 168 1812 ta
183 1772 378 1824 impositas,
413 1781 622 1822 peregerat:
651 1769 749 1819 quod

131 1826 188 1863 bis
210 1827 258 1862 ·in
287 1825 415 1861 eodem
437 1822 529 1859 libro
548 1822 611 1858 vix
629 1829 751 1871 putem

132 1876 290 1915 suaviter
324 1875 471 1912 saecum.
545 1877 634 1912 802⁶
679 1885 751 1908 non

133 1929 242 1967 audet
256 1927 353 1977 Juuo
368 1926 459 1962 vires
470 1923 636 1962 *sufficere
654 1924 753 1960 Tur-

133 1992 184 2018 no
201 1989 326 2017 contra
344 1978 587 2027 Trojanorum
607 1988 753 2026 agmen,

136 2041 178 2069 ut
188 2030 305 2068 adhuc
321 2029 439 2066 feciffe
453 2027 688 2078 intelligenda
700 2026 750 2063 vs.

137 2086 227 2135 764.
283 2081 356 2119 806
375 2079 426 2138 sq.
463 2079 603 2116 Totum
633 2079 755 2116 locum

138 2135 206 2171 effe
234 2132 473 2170 Homericum
491 2140 660 2167 notarunt
677 2143 756 2167 om-

141 2199 216 2224 nes.
269 2184 419 2233 Ajacem
434 2195 478 2219 ex
497 2181 604 2219 Iliad.-
620 2199 661 2225 π,
686 2194 755 2219 roz

139 2237 216 2287 sqq.
247 2235 353 2272 refert
381 2234 527 2271 Turnus
548 2247 557 2270 ι
585 2242 620 2270 et
639 2233 686 2270 est
704 2233 757 2269 lo·-

141 2295 204 2325 cus
237 2288 326 2324 alter
357 2299 440 2322 cum
469 2286 582 2322 altero
614 2296 760 2334 compa-

141 2340 288 2377 randus.
342 2337 412 2374 Sed
430 2337 467 2374 in
493 2337 682 2374 verborum
703 2348 760 2372 or-

142 2390 319 2429 namentis
336 2390 447 2426 multa
462 2387 602 2438 accepit
621 2387 666 2423 ab
686 2386 760 2423 En-

143 2442 221 2486 nio,
239 2441 304 2492 qui
322 2439 538 2477 Homericos
555 2438 674 2475 versus
685 2438 760 2488 jam

144 2504 228 2530 ante
257 2492 480 2542 exprefferat.
537 2490 674 2526 Locum
716 2500 761 2527 ex

144 2545 283 2582 Annal.
304 2543 381 2579 XV
399 2541 581 2592 adscripsit
592 2541 763 2578 Macrob.

147 2592 207 2632 VI
238 2595 312 2632 Sat.
348 2607 366 2643 3
403 2593 574 2644 dignum,
608 2593 671 2642 qui
704 2591 765 2628 hic

147 2659 292 2697 quoque
322 2645 485 2695 legatur:
527 2644 571 2680 In
596 2643 693 2680 bello
712 2642 765 2679 Is-

147 2698 242 2736 trico
276 2697 414 2734 versans
456 2700 566 2747 poeta
609 2707 765 2745 pugnam

147 2749 316 2786 Istrorum
343 2761 425 2784 cum
451 2747 574 2784 Coelio
593 2746 764 2783 Tribuno

149 2799 372 2840 describebat
389 2813 398 2838 ;
440 2800 590 2851 Undique
609 2801 765 2853 convenif

816 1729 870 1755 tas
890 1722 1098 1768 frangitque
1133 1723 1316 1767 quatitque.
1371 1717 1439 1753 To-

817 1770 997 1817 lumfizdor
1012 1768 1114 1805 habet
1131 1779 1239 1818 corpus
1253 1783 1261 1812 3
1283 1768 1439 1815 multum-f

817 1836 877 1872 que
912 1820 1066 1863 laborat3
1099 1820 1168 1858 Nec
1195 1821 1379 1869 respirandi
1390 1820 1440 1867 fit

817 1878 908 1922 copia
936 1881 1084 1921 praepete
1108 1872 1220 1922 fhrro.
1275 1871 1356 1921 Iflri
1372 1870 1452 1907 tela-

819 1938 921 1961 manu
925 1925 1085 1974 jacientis
1093 1921 1338 1972 sollicitabant.
1375 1923 1442 1959 Oc-

819 1974 975 2014 cumbunt
995 1974 1090 2011 multi
1116 1974 1178 2012 leto
1195 1979 1358 2026 ferroque
1385 1974 1441 2010 la-

814 2033 914 2079 pique
931 2026 1001 2062 Aut
1017 2032 1109 2063 intra
1136 2040 1250 2063 moeros
1265 2037 1327 2063 aut
1343 2035 1443 2064 extra

815 2084 962 2130 praecipe
977 2080 1065 2126 casu.
1119 2076 1239 2128 Qem
1254 2078 1336 2115 ta'lis
1352 2081 1444 2127 poe-

823 2139 859 2167 ta
876 2129 1058 2180 praecessit,
1090 2132 1231 2178 qualem
1250 2128 1311 2166 hic
1331 2126 1445 2165 Enni·

823 2195 884 2219 um
902 2180 1080 2223 videmus,
1112 2193 1194 2217 eum
1212 2181 1250 2217 in
1269 2179 1446 2217 orationis

823 2240 954 2271 ornatu
989 2232 1136 2281 poetico
1175 2232 1220 2269 ad
1264 2231 1446 2269 summum

824 2283 976 2335 potuiffe
1011 2283 1195 2332 pervenire
1239 2283 1445 2320 mirandum

825 2348 898 2372 non
913 2335 973 2372 est.
1028 2336 1125 2384 jam,
1141 2335 1200 2371 cui
1221 2335 1326 2378 libet,
1344 2345 1447 2371 com·-

825 2395 924 2437 paret
942 2385 1161 2423 imitatorem
1178 2386 1303 2428 alium,
1336 2385 1446 2422 Stati-

826 2451 887 2475 um
904 2437 943 2473 ΙΙ
963 2436 1083 2474 Theb.
1103 2437 1141 2474 in
1159 2438 1292 2488 Tydeo
1308 2436 1448 2474 insidiis

828 2489 1089 2526 Thebanorum
1152 2489 1311 2539 oppress‘o
1372 2500 1445 2539 527

828 2540 927 2629 {eqqf
958 2542 1030 2579 602
1051 2540 1102 2591 sq.
1135 2550 1171 2578 et
1188 2541 1234 2577 ad
1252 2541 1290 2579 h.
1319 2539 1345 2578 l.
1371 2539 1445 2578 668

884 2643 971 2682 806.
1000 2644 1248 2692 tamum—stc3
1283 2641 1367 2679 satis
1394 2654 1449 2678 re·-

830 2694 1086 2732 srstere—adeo
1101 2694 1269 2732 obruitur
1280 2693 1358 2731 telis
1369 2702 1448 2730 tana

831 2756 923 2790 tum,
941 2758 1131 2797 quantum.
1188 2747 1452 2797 809.fatfiunt

830 2813 920 2845 aera,
936 2798 1069 2839 cedunt
1081 2797 1226 2841 iftibus,
1241 2798 1356 2850 galea,
1368 2806 1451 2834 narn·

1406 2846 1455 2886 de*
