1847 3313
349 285 806 341 AENEIDOS‚
875 281 1190 357 LIB.1X.
1353 300 1442 350 33¹

137 419 325 470 Excuffi
344 418 562 466 manibus
587 415 719 472 radii,
743 413 1050 475 revolutaque
1073 409 1230 474 pensa.
1350 406 1445 474 476

138 511 310 558 Evolat
330 508 512 565 infelix,
547 518 607 563 et,
631 505 835 553 femineo
859 503 1055 558 ululatu,
1224 478 1227 482 Ι
1358 476 1375 492 “’
1402 489 1404 492 ’

140 601 282 649 Scissa
303 615 508 654 comam,
544 613 700 643 muros
723 611 883 651 amens
907 600 1046 656 atque
1065 590 1258 653 agmina
1281 586 1416 643 cursu

141 690 300 736 Prima
324 687 443 750 petit
463 705 472 731 ε
510 701 603 731 non
623 683 703 730 illa
726 683 896 738 virum,
920 696 1014 727 non
1033 679 1112 726 illa
1135 677 1318 739 pericli,

140 778 466 837 Telorumque
500 789 683 819 memo-r
708 796 718 826 ;
775 770 957 816 coelum
993 767 1164 814 dehinc
1210 763 1450 836 questibus

336 865 484 927 inplet
506 883 516 910 :
1358 856 1457 923 48Q

144 958 292 1005 Hunc
317 971 404 1019 ego
421 966 483 1011 te,
509 951 728 1014 Euryale,
750 948 991 1012 adspicio?
1017 959 1144 1005 tune,
1162 947 1241 994 illa
1260 945 1455 1004 seneffiwe:

144 1052 257 1097 Sera
281 1064 400 1095 meae
424 1045 620 1109 requieS,
643 1043 838 1107 potuisti
864 1042 1078 1104 linquere
1100 1039 1264 1095 solam,

147 1137 394 1186 Crudelis?
429 1152 515 1183 nec
540 1147 599 1191 te,
627 1133 712 1180 sub
736 1143 866 1178 tanta
888 1130 1098 1193 pericula
1122 1127 1328 1184 missum,

149 1228 316 1275 Adfari
342 1238 613 1274 extremum
637 1222 818 1270 miserae
841 1206 952 1267 data
976 1220 1114 1282 copia
1136 1217 1278 1264 matri
1298 1200 1325 1261 ἓ·

149 1319 279 1377 Heu,
302 1331 424 1365 terra
447 1319 610 1382 ignota
632 1315 826 1362 canibus
848 1312 956 1360 date
980 1311 1139 1375 praeda
1162 1309 1342 1356 Latinis
1367 1310 1425 1366 48
1433 1319 1456 1371 5

152 1407 454 1470 Alitibusque
469 1403 625 1469 jaces!
662 1420 746 1450 nec
772 1415 818 1450 te
841 1415 921 1449 tua
945 1402 1108 1449 funera
1133 1410 1283 1446 mater
1450 1389 1454 1392 ¹

195 1537 271 1577 476.
297 1538 423 1580 Expuffi
442 1548 492 1579 ap.
515 1534 659 1567 Macrob.
694 1534 748 1574 lib.
781 1534 828 1564 IV
858 1534 923 1564 Sat.
949 1541 965 1564 1
993 1531 1128 1562 editum.
1175 1528 1294 1573 Discuffi
1322 1524 1468 1558 Parrhas.

152 1589 324 1633 resolutaque
347 1587 467 1619 membra
495 1587 629 1628 refingit
648 1585 772 1617 Barnes.
792 1584 831 1615 ad
849 1584 883 1615 11.
903 1585 948 1621 X,
963 1583 1038 1620 448.
1063 1590 1098 1613 ut
1116 1581 1227 1622 graecis
1240 1579 1338 1610 latina
1352 1585 1468 1607 conve-

154 1640 266 1670 niant:
293 1638 393 1670 caussa
410 1649 524 1680 parum
540 1639 663 1669 idonea.
756 1636 836 1675 478.
862 1647 952 1666 comas
967 1637 1050 1666 Ven.
1076 1641 1107 1664 et
1120 1632 1220 1663 Goth.
1246 1631 1315 1666 sec„
1344 1628 1399 1669 qui
1419 1634 1466 1658 et:

154 1694 267 1737 agmina
283 1694 386 1722 circum
403 1690 543 1721 exhibet.
635 1689 712 1725 480.
737 1689 837 1718 dehinc
853 1687 954 1718 coelum
970 1692 1034 1715 tres
1046 1685 1156 1715 Burni.
1248 1681 1321 1718 481.
1342 1682 1410 1711 Non
1422 1689 1470 1719 ego

157 1742 256 1773 Goth.
275 1741 334 1772 see.
380 1741 456 1772 Hinc
478 1740 612 1780 Hugen.
661 1740 808 1770 Hunccine
832 1747 870 1774 te,
892 1736 1022 1778 Euryale
1045 1742 1124 1766 vett.
1148 1732 1219 1764 edd.
1251 1729 1412 1762 Macrobii
1438 1726 1470 1761 V'

157 1794 222 1823 Sat.
256 1801 275 1832 9
308 1797 339 1821 et
364 1790 396 1820 in
424 1790 570 1831 margine
607 1789 679 1819 cod.
710 1787 823 1818 chb.
847 1785 1003 1817 Terentii.
1050 1785 1098 1814 Ex
1115 1783 1226 1814 iisdem
1242 1788 1273 1812 et
1289 1780 1357 1811 aliis
1375 1777 1468 1809 codd.

157 1841 307 1874 Heinsius
328 1841 465 1872 restituit
488 1850 553 1871 tune
571 1841 622 1871 illa
639 1841 681 1883 s.,
703 1838 789 1880 quod
811 1837 880 1879 jam
904 1837 979 1868 Ald.
1007 1843 1081 1867 tert.
1106 1835 1213 1871 habet,
1234 1843 1293 1875 pro
1318 1830 1469 1872 vulgato-L

159 1896 216 1932 ille,
242 1894 327 1936 quod
336 1901 444 1924 tamen
463 1892 589 1923 doetius
606 1892 744 1922 videtur.
772 1890 814 1922 cf.
833 1890 873 1920 ad
893 1900 924 1921 ν.
947 1888 1024 1927 485.
1070 1886 1208 1918 Dorvill.
1230 1896 1247 1916 a
1263 1895 1307 1916 m.
1326 1883 1384 1914 see.
1405 1881 1470 1925 ipse.

248 1945 323 1983 484.
347 1947 475 1976 extremis
497 1944 614 1975 Medic.
634 1950 665 1974 et
683 1944 787 1984 Sprot.
834 1951 961 1973 extrema
976 1940 1082 1982 plures
1098 1939 1206 1969 Heius.
1222 1945 1254 1967 et
1271 1938 1380 1966 Burni.

161 1997 240 2036 485.
265 1998 331 2028 date
354 1996 421 2038 post
439 1995 619 2026 Fabricium
637 1993 745 2024 Heins.
769 1991 789 2023 e'
809 1993 904 2023 codd.
925 2003 934 2029 ς
957 1991 1055 2032 vulgo
1072 1991 1154 2027 data,
1175 1988 1281 2019 minus
1297 1986 1474 2027 eleganter,

163 2047 309 2089 inprimis
324 2047 391 2088 post
417 2047 487 2077 data
503 2044 754 2088 copia.—-—486.
781 2045 888 2074 Locus
903 2041 1167 2084 interpretatione
1179 2039 1232 2070 vix
1245 2037 1470 2080 expediendus,

163 2100 292 2131 Servius
302 2098 440 2142 simeram
463 2097 593 2138 exponit
619 2096 651 2125 h.
671 2107 700 2126 e.
719 2106 802 2133 earn,
823 2094 862 2124 ad
883 2104 978 2135 quam
997 2092 1092 2123 funus
1111 2091 1264 2132 pertinet,
1279 2088 1366 2130 quasi
1382 2087 1474 2118 func·

163 2162 266 2188 ream,
311 2150 444 2180 Addunt
460 2149 652 2191 aliifuneras
677 2147 850 2188 producere
867 2145 1030 2182 cadavera,
1047 2144 1183 2187 praficas
1214 2141 1310 2182 sequi.
1356 2142 1475 2170 Gram-

167 2201 284 2242 matico
301 2199 446 2230 acumine
463 2200 559 2241 digna
577 2197 743 2238 antiquata
759 2207 832 2236 vox,
852 2206 917 2227 non
934 2194 1124 2226 Maroniana
1146 2190 1324 2234 elegantia¹
1385 2189 1475 2233 Qid

1386 2240 1475 2282 quod

169 2331 202 2382 ζ,
249 2331 319 2378 388
358 2328 429 2376 seq.
483 2327 538 2364 Ut
574 2326 790 2363 imitatorem
856 2323 1037 2375 procurrit
1072 2330 1153 2359 ante
1194 2327 1476 2370 propugnatores

169 2381 287 2419 minus
322 2379 455 2416 suba&
496 2378 629 2427 judicii
666 2379 791 2428 agnos·
856 2376 955 2413 valli.
1027 2376 1116 2425 485.
1154 2373 1243 2422 486.
1288 2383 1332 2406 ex
1365 2368 1475 2418 prisci

167 2447 244 2477 Cas,
271 2433 318 2470 cf.
350 2431 455 2467 statii
482 2429 535 2466 HI
564 2430 685 2467 Theb.
722 2442 788 2477 133
857 2427 924 2464 aevi
942 2426 1145 2467 atrocitate,
1177 2423 1259 2460 satis
1293 2431 1393 2464 nota,
1421 2420 1478 2456 vel

169 2485 249 2534 sqq.
313 2485 402 2534 476.
431 2482 590 2519 Affectus
620 2494 640 2517 a
671 2481 792 2517 multis
857 2492 902 2516 ex
921 2478 1046 2514 Iliadis
1058 2474 1184 2527 primis
1202 2472 1368 2510 Verslbus.
1414 2471 1478 2507 Ad

170 2535 414 2573 adumbratus.
461 2533 539 2584 Qi
552 2533 712 2583 exempla
730 2545 792 2568 cu·
856 2531 1041 2581 sequentes
1076 2538 1219 2577 quoque
1248 2523 1366 2561 versus
1396 2522 1481 2559 illu-

172 2587 243 2637 pit,
261 2586 416 2623 Cerdam
435 2585 538 2622 adeat
558 2597 567 2620 :
597 2585 718 2620 malim
738 2593 791 2619 ta·
858 2581 1016 2619 strandos
1026 2579 1187 2628 undique
1201 2577 1363 2613 locorum
1376 2573 1481 2623 copia

172 2638 224 2675 lia
240 2649 417 2688 quemque
435 2635 500 2673 fibi
518 2635 557 2672 in
581 2635 654 2686 ipsa
670 2639 794 2685 poeta-
859 2632 1030 2684 suppetit,
1068 2631 1175 2668 etiam
1211 2640 1254 2663 ex
1286 2624 1361 2676 ipso
1399 2625 1481 2661 Ho-

174 2703 254 2727 rum
264 2688 413 2726 lectione
425 2697 589 2724 notareet
600 2685 794 2727 reminisci,
861 2698 974 2727 mero,
993 2697 1027 2721 V.
1048 2696 1081 2720 e.
1102 2678 1229 2729 Odyff.
1250 2696 1288 2721 ω,
1308 2689 1377 2727 291
1402 2676 1482 2725 sqq.

175 2753 282 2790 quam
295 2739 475 2776 cumulata
485 2738 699 2789 cognoscere
713 2750 795 2774 cum
861 2736 969 2773 Iliad.
992 2753 1036 2785 χ,
1054 2735 1101 2771 86
1119 2732 1196 2781 sqq.
1224 2728 1322 2766 conf.
1342 2727 1410 2765 inf.
1431 2728 1483 2770 X,

176 2791 337 2828 fastidio.
409 2805 496 2842 479.
530 2796 643 2839 prima
659 2795 798 2841 agmina
865 2801 933 2839 557
964 2787 1061 2836 seqq.
1115 2783 1204 2832 486.
1243 2796 1301 2819 nec
1327 2790 1358 2816 te
1383 2791 1409 2816 t.
1440 2783 1484 2830 f.

178 2843 274 2881 haud
303 2841 414 2880 dubie
446 2841 643 2894 jungenda.
698 2839 798 2878 Nam
863 2839 920 2882 Ut
947 2851 1043 2877 nunc
1072 2835 1222 2888 legitur,
1254 2831 1347 2871 ratio
1365 2842 1485 2880 gram-

180 2898 185 2911 ·
514 2917 518 2920 «
786 2903 792 2906 ·
1352 2883 1485 2921 matica
