1847 3313
491 225 900 284 AENEIDOS,
954 226 1104 277 LIB.
1162 227 1284 281 XII.
1438 227 1536 293 699

211 361 343 427 Qas
367 373 413 408 et
437 361 711 408 Tartaream
734 360 847 406 Nox
872 358 1152 421 intempesta
1177 357 1453 421 Megaeram

213 449 330 505 Uno
353 449 616 511 eodemque
639 449 748 498 tulit
770 461 923 512 partu,
954 446 1237 512 paribusque
1259 446 1464 494 revinxit

211 536 493 600 Serpentum
515 536 666 600 spiris,
690 538 994 601 ventosasque
1012 537 1196 584 addidit
1217 538 1328 584 alas.

211 626 312 674 Hae
335 626 470 687 Jovis
493 626 550 673 ad
573 626 759 689 solium,
775 625 981 689 saevique
1004 628 1051 675 in
1078 628 1244 674 limine
1269 629 1410 692 regis,
1438 633 1529 692 849

212 716 474 780 Adparent,
506 726 803 776 accuuntque
838 726 1022 762 metum
1053 717 1334 772 mortalibus
1371 719 1528 780 aegriS,

211 803 262 858 Si
285 802 475 866 quando
492 801 640 851 letum
662 800 939 854 horrificum
965 803 1251 868 morbosque
1274 805 1421 854 deum
1446 821 1530 864 rex

211 899 433 956 Molitur,
457 897 646 943 meritas
671 907 750 943 aut
774 895 900 942 bello
925 899 1105 949 territat
1131 873 1277 944 urbis.

212 988 407 1043 Harum
428 1002 573 1033 unam
597 985 799 1041 celerem
824 985 1012 1040 demisit
1033 988 1091 1033 ab
1108 987 1284 1044 aethere
1306 988 1495 1037 summo

253 1118 327 1161 847.
352 1120 448 1152 Unum
471 1118 561 1150 Leid.
604 1117 722 1150 reduxit
738 1117 1036 1160 Hugen.—849.
1063 1120 1149 1163 Haec,
1175 1119 1350 1151 aberratur.
1387 1121 1529 1163 sa’voque

208 1169 305 1202 Leid.
321 1177 352 1201 et
370 1171 443 1200 Par.
490 1168 532 1200 ad
545 1169 640 1199 limina
663 1167 744 1199 alter
761 1170 891 1210 Menag.
911 1169 1045 1199 Oudart.
1061 1170 1205 1200 Parrhas.
1298 1170 1372 1210 851.
1387 1172 1529 1213 horrficos

208 1222 295 1258 morb.
316 1221 414 1253 Goth.
442 1230 490 1262 pr.
582 1220 655 1258 852.
678 1221 843 1262 meritasque
875 1220 1017 1250 Parthas.
1061 1233 1095 1252 ac
1110 1222 1178 1253 hello
1205 1221 1288 1252 Gud.
1379 1222 1450 1261 853.
1476 1223 1526 1252 de-

209 1277 296 1320 jnn'teit
311 1273 435 1308 editum
451 1271 583 1313 ubique,
595 1279 753 1313 quantum
769 1272 875 1309 video,
889 1281 963 1303 ante
978 1272 1185 1311 Commelin.,
1203 1272 1258 1314 qui
1273 1273 1397 1315 primus
1419 1274 1526 1315 demisit

1392 1325 1526 1355 ePalat.

203 1403 339 1442 riarum
374 1401 543 1453 potestate
577 1397 687 1438 nihili
718 1398 825 1437 sunt:
898 1410 976 1438 tum
993 1415 1123 1443 nomen
1143 1401 1275 1454 ponit:
1320 1400 1429 1438 etiam
1450 1403 1523 1442 hoe

209 1456 264 1492 uti
300 1466 366 1491 nec
395 1453 487 1490 illud
519 1450 601 1487 satis
638 1451 830 1501 probatum
899 1457 1046 1502 poetam
1078 1454 1240 1491 decebat.
1313 1454 1442 1490 Ait-&o
1485 1464 1523 1492 et

205 1507 324 1551 dedit,
370 1504 496 1550 Furias
537 1503 728 1552 appellatas
761 1503 829 1540 esst:

204 1573 302 1606 (anes
323 1558 428 1605 Jovis
442 1570 455 1592 :
484 1567 557 1604 quo
569 1553 716 1591 nomine
731 1553 828 1590 Har-

205 1609 302 1660 pyiae
319 1608 405 1645 alias
423 1605 621 1656 infignitae,
650 1615 686 1642 ut
711 1606 826 1655 Apol.

200 1661 281 1705 Jon-
301 1659 354 1704 Π,
375 1663 449 1709 289
474 1658 651 1707 ‘Anglas,
664 1660 827 1705 μεγάλοιο

207 1709 285 1750 ’Διὸς
302 1714 411 1753 κύνας,
435 1720 471 1748 et
498 1715 602 1760 Κῆξξς
624 1709 719 1750 ibid,
752 1709 826 1753 IV,

210 1764 320 1802 1666.
385 1762 484 1799 Nam
521 1763 601 1798 loca
632 1760 718 1798 AEn.
755 1761 825 1805 VI,

207 1828 298 1867 257,
323 1823 359 1852 et
378 1814 517 1851 Lucani
537 1812 609 1856 VI,
630 1825 719 1862 733,
747 1826 826 1862 per-

205 1880 326 1919 peram
338 1866 488 1904 adducit
498 1873 560 1902 aut
578 1863 696 1914 potius
710 1863 828 1914 adigit

205 1919 252 1955 acl
270 1919 361 1955 hanc
396 1917 582 1954 notionem
600 1915 825 1952 firmandam.

204 1969 304 2007 Vide
318 1982 413 2006 nunc
431 1969 524 2011 hanc
543 1982 662 2005 canum
680 1979 744 2017 pro
756 1967 826 2004 mi-

206 2021 322 2059 nistris
355 2019 631 2071 appellationem
659 2018 765 2055 doffte
783 2019 826 2055 il-

204 2073 386 2116 lustratam
403 2073 441 2109 in
478 2070 689 2120 Ruhnkenii
709 2069 759 2117 V,
779 2071 826 2109 C·

205 2120 319 2175 Epist.
339 2124 421 2161 crit.
437 2136 472 2173 p.
491 2136 554 2172 93.
575 2135 638 2171 94.
693 2122 826 2171 Neque

202 2178 314 2214 etiam
333 2175 419 2212 alias
433 2174 559 2212 Furias
580 2174 739 2217 Plutoni,
759 2174 826 2210 ali-

203 2241 241 2265 as
259 2226 345 2276 Jovi
360 2228 459 2270 dare,
475 2225 535 2273 sed
555 2225 698 2273 poetica
712 2226 825 2275 phan-

204 2280 353 2326 tasmata
371 2277 508 2315 variare
534 2276 678 2314 voluiffe
697 2287 825 2327 putari-

203 2332 272 2368 dus
311 2330 434 2368 Maro.
507 2331 595 2380 845.
642 2332 825 2380 cognomine

202 2395 285 2440 pro,
304 2380 464 2420 nomine.
504 2382 609 2418 Dirae
627 2380 673 2416 est
693 2392 824 2416 nomen

203 2436 347 2472 illarum
379 2430 545 2483 pestium,
582 2432 616 2468 h,
653 2430 823 2467 exitiosa-

202 2494 283 2529 rum
302 2485 465 2522 dearum.
507 2483 608 2520 Male
627 2482 822 2519 Gramma-

202 2537 270 2583 tici
298 2535 434 2573 inverse
464 2535 634 2571 tradunt:
675 2533 723 2571 cf.
752 2533 820 2570 inf.

205 2592 296 2640 865.
349 2586 455 2637 'Agacl
483 2586 563 2623 sunt
580 2598 638 2636 ap.
659 2584 820 2633 AEschyl.

201 2639 358 2677 Eumen.
393 2652 485 2688 420.
551 2643 698 2688 geminae
716 2658 768 2665 —-
792 2647 824 2673 et

201 2692 396 2742 Megaeram
415 2705 428 2727 .·
460 2689 577 2726 Βοξίε
597 2689 643 2725 fic
671 2687 824 2724 variavit

902 1504 1124 1554 Tiliphoneu
1141 1506 1219 1553 quis
1233 1518 1303 1541 non
1323 1504 1428 1541 facile
1441 1505 1523 1556 sup-

901 1555 971 1605 plet
989 1556 1109 1593 animo
1123 1559 1137 1594 ἓ
1168 1555 1382 1606 Noffisfilias
1398 1555 1523 1595 Furias

900 1607 956 1650 ve}
979 1607 1192 1644 Eumenides
1209 1608 1319 1645 etiam
1337 1607 1411 1658 sup.
1428 1608 1521 1652 VII,

902 1670 991 1706 331.
1022 1658 1092 1703 VI,
1122 1672 1195 1710 250
1213 1658 1399 1704 ediderat3
1422 1654 1521 1700 idern=

900 1709 1062 1759 AEschyl.
1082 1709 1105 1746 l.
1123 1725 1154 1747 c.
1175 1723 1263 1759 4¹9·
1318 1709 1431 1766 Qod
1458 1727 1524 1749 uno

891 1771 999 1811 partu
1033 1764 1138 1799 editas
1171 1762 1276 1806 facit,
1317 1761 1435 1799 nclcio
1471 1776 1518 1799 an

897 1813 1043 1850 aliunde
1073 1814 1267 1861 acceperit.
1325 1814 1412 1862 847.
1452 1825 1520 1864 pez-0.

900 1864 990 1901 ribus
1007 1879 1020 1901 .·
1048 1877 1114 1914 pro
1133 1864 1279 1914 pariter,
1299 1865 1374 1914 pari
1395 1878 1519 1903 omnes

897 1916 1020 1953 modo.
1075 1915 1136 1953 De
1154 1917 1218 1952 alis
1235 1916 1284 1952 ef.
1314 1915 1388 1966 sup.
1421 1916 1514 1962 VII,

902 1969 987 2017 5¹61.
1041 1971 1194 2017 ventssas
1221 1968 1296 2004 alas
1328 1979 1421 2004 novo
1441 1968 1518 2018 epi-

897 2019 1010 2063 theto‚
1039 2021 1136 2068 quod
1170 2020 1356 2055 notionem
1379 2020 1520 2068 magni-

897 2070 1032 2107 tudinis
1048 2071 1181 2106 alarum
1209 2081 1244 2107 et
1263 2070 1433 2107 conciiati
1454 2084 1517 2109 vo·-.

895 2122 988 2159 latus
1015 2122 1141 2158 habet:
1189 2135 1272 2158 nam
1307 2120 1337 2157 is
1370 2132 1514 2159 rentum

896 2183 1028 2216 movet.
1085 2175 1309 2222 34Q·,s<t'v1'·'
1327 2172 1512 2222 epitheion

893 2224 930 2261 h.
951 2225 976 2261 l.
1012 2225 1324 2261 accommodatum
1354 2224 1453 2260 rebus
1471 2238 1514 2261 ao

895 2276 1133 2324 temporibus,
1161 2275 1290 2325 quibus
1324 2274 1513 2313 Furiarum

894 2328 1090 2364 ministerio
1110 2327 1223 2364 utitur
1249 2327 1398 2376 Iupiter,
1426 2340 1512 2366 cum

894 2379 1077 2429 irascitur„
1132 2380 1308 2427 Apparent
1338 2390 1408 2414 vox
1432 2392 1513 2427 pro-

893 2430 986 2481 pria,
1002 2431 1047 2467 de
1067 2429 1278 2471 ministerio,
1290 2429 1385 2464 unde
1402 2442 1513 2480 appa-

895 2484 1034 2527 ritores,
1092 2484 1179 2531 850.
1209 2481 1244 2517 h.
1266 2490 1395 2516 terrent
1417 2494 1512 2517 mor-

895 2534 981 2571 tales
997 2532 1158 2569 miseros.
1214 2535 1297 2581 851.
1319 2533 1404 2581 852.
1436 2533 1513 2569 Ar-

892 2584 1147 2634 gutantur,qui
1163 2582 1349 2620 Furiarum
1364 2596 1511 2621 munera

889 2635 1107 2685 dispescunt,
1126 2646 1159 2670 et
1179 2634 1401 2684 'l'il'iplioucri
1415 2648 1510 2671 mor-

891 2688 973 2731 bos,
994 2687 1121 2722 Alee'to
1134 2687 1240 2729 bella,
1259 2697 1293 2721 et
1311 2684 1508 2735 Megaeram

199 2746 324 2794 poeta,
352 2742 463 2791 quod
482 2742 592 2790 vulgo
606 2749 707 2776 erat:
737 2739 828 2775 Sunt
892 2739 1000 2777 letum
1017 2737 1213 2774 immittere
1231 2738 1342 2773 aiunt.

201 2801 271 2846 tres
303 2793 422 2845 Dirae..
475 2792 577 2830 Tum
611 2804 723 2830 unum
749 2800 828 2830 tan·

944 2793 1031 2841 853.
1059 2805 1174 2828 unam.
1200 2789 1298 2826 Cum
1318 2791 1425 2838 poeta
1445 2787 1508 2825 vix

1356 2838 1510 2891 dignum
