1847 3313
393 253 512 344 A'D
568 295 653 343 LI
680 272 788 342 BR
813 295 862 343 U
887 294 946 341 Μ
993 283 1102 342 vn.
1302 274 1392 361 ‘147

93 423 145 463 fid
179 420 299 466 Italiae
325 427 453 468 littora
479 429 635 467 access'u.
689 427 750 466 De
769 426 929 465 Hercule
955 417 1112 475 'quidem
1131 422 1269 461 fabulas
1288 421 1399 459 innu-

88 487 231 531 'meras‚
256 501 434 539 magnum
452 487 620 538 inprimis
640 486 782 524 urbium
798 498 989 523 numerum
1009 484 1127 522 Italia:
1145 483 1192 520 ab
1213 495 1257 518 eo
1273 482 1331 518 vel
1351 479 1399 516 ab

87 545 173 594 ‘ejus
188 547 268 585 filiis
288 547 536 592 conditarum,
565 555 819 589 narraverunt,
847 546 978 596 Ulyffis
998 555 1120 581 autern
1139 541 1316 593 progenie
1334 549 1400 578 aut

93 604 273 645 sociorum
293 608 462 659 stirpibus
491 621 637 645 omnem
663 607 786 657 paffim
813 606 961 643 Italiam
979 606 1272 655 frequentarunt.
1328 601 1399 651 Ipsi

34 709 38 715 .
90 663 189 704 adeo
205 667 367 706 Ausones
387 669 434 705 ab
457 668 615 710 Ausone,
643 667 702 704 seu
722 666 850 703 Circes
875 666 949 703 filio
967 679 1013 703 ex
1032 665 1158 713 Ulyffe
1177 663 1235 701 seu
1256 662 1401 715 Calyp-

92 723 150 761 sUS
168 753 180 769 2
207 738 330 766 ortum
360 728 520 767 habuisse
546 721 752 766 narrantur.
807 729 952 764 Festus:
998 728 1175 776 Asbm'czm
1202 732 1246 776 αὴ
1270 721 1402 762 cllavi't

91 785 151 822 ³Au
165 787 203 824 tin
223 788 342 838 Ulyffis
359 799 393 826 et
412 789 572 839 Calypfics
588 787 688 838 filius
702 803 774 825 eam
791 790 938 837 primam
956 797 1093 837 partem
1113 785 1248 828 Italia,
1276 802 1312 822 ιη
1331 800 1399 836 qua

79 847 165 894 fimt
182 848 280 886 urbes
299 851 534 887 Beneventum
553 859 584 885 et
605 848 709 886 Cales
730 849 819 898 (hoc
848 847 1012 898 quidem,
1040 859 1080 883 ut
1099 846 1205 896 supra
1225 846 1400 889 vidimus,

91 908 211 953 refte3
257 923 342 947 nam
378 923 421 947 ea
452 909 572 947 Italia:
602 922 686 959 pars
716 909 885 946 Ausoniae
915 907 1061 945 nomine
1084 906 1232 956 proprie
1246 906 1398 957 insignis

89 963 198 1013 fuit);
225 971 342 1006 deinde
362 968 548 1018 paullatim
579 979 651 1005 tota
683 984 807 1018 quoque
824 967 952 1010 Italia,
979 982 1056 1017 quae
1074 968 1244 1016 Apennino
1254 968 1400 1016 fimtnr,

89 1027 186 1064 dian
203 1031 247 1078 est
262 1030 407 1078 Azffimia
433 1029 621 1078 (haetenus
640 1041 750 1064 vere:
779 1027 837 1065 sed
857 1026 997 1076 reliqua
1026 1025 1203 1073 fabulose)
1229 1025 1275 1063 al)
1289 1029 1399 1064 eodem

89 1089 182 1131 duce,
210 1104 233 1124 a
251 1104 312 1139 quo
330 1093 433 1125 etiam
452 1091 617 1125 conditam
631 1090 735 1138 fngſje
770 1088 943 1125 Aramum
972 1085 1085 1123 urbam
1103 1091 1232 1136 ferrent
1255 1087 1400 1136 <Suesia

92 1147 283 1190 Aurunca,
311 1149 357 1186 ab
377 1149 563 1186 Auruncis
583 1149 764 1196 habitata)
778 1177 786 1185 .
842 1148 904 1184 Ab
923 1147 1054 1194 Ulyffis
1070 1159 1105 1184 et
1126 1146 1256 1185 Circes
1281 1148 1399 1186 tribus

91 1206 189 1250 filiis,
217 1208 354 1251 Romo,
384 1207 500 1245 Antia
518 1218 555 1245 et
569 1208 708 1249 Ardea,
738 1219 808 1245 tres
829 1206 935 1245 urbes
954 1206 1120 1245 conditas
1136 1217 1173 1243 et
1192 1208 1400 1246 nominatas

89 1266 306 1318 Xenagoras
325 1268 527 1306 tradiderat
551 1281 609 1318 ap.
633 1267 788 1317 Dionys.
812 1269 844 1310 l,
867 1281 914 1316 72
950 1269 1009 1317 (p.
1031 1269 1094 1319 58)
1117 1268 1167 1305 cf.
1189 1268 1288 1306 viros
1308 1269 1400 1314 doc-2

89 1335 146 1365 tos
162 1328 207 1365 ad
223 1329 396 1379 Stephan.
409 1328 581 1377 in''Ag³o'÷x
599 1338 636 1365 et
652 1328 803 1366 Cluver.
823 1342 911 1379 pag.
933 1327 1021 1379 976.
1076 1327 1251 1366 Latinum
1269 1331 1399 1368 Circes

89 1388 127 1426 et
151 1388 284 1436 Ulyssis
317 1389 429 1426 filium
446 1388 523 1437 jam
551 1388 732 1426 Hefiodus
765 1387 931 1437 prodidit
950 1388 1101 1439 Theog.
1135 1401 1199 1426 101
1215 1402 1245 1427 1.
1283 1402 1399 1442 1913,

90 1448 309 1486 Telemachi
333 1459 370 1486 et
399 1449 529 1486 Circes
551 1449 662 1486 filium
682 1449 761 1491 alii,
790 1449 886 1486 forte
913 1448 989 1497 ipse
1008 1444 1225 1500 Telegoniae
1257 1452 1399 1495 aue-cor,

90 1504 262 1546 carminis
287 1509 444 1558 cyclici:
476 1522 511 1545 ν.
532 1509 680 1559 Hygin.
713 1508 740 1545 f.
778 1520 866 1558 127,
897 1508 959 1545 ubi
984 1521 1021 1544 v·
1043 1509 1169 1558 Intpp.
1188 1509 1272 1547 add„
1292 1510 1399 1548 Geo-

89 1581 176 1619 pon.
196 1568 266 1611 XI,
287 1582 325 1612 2,
354 1568 417 1605 ubi
430 1582 464 1605 v.
481 1568 622 1606 Nicias.
643 1570 694 1607 V.
716 1569 764 1606 C.
819 1568 1074 1618 Corruperant
1089 1568 1312 1607 Telemachi
1332 1584 1398 1608 no-

88 1630 174 1666 men
188 1639 223 1666 et
236 1628 465 1666 tradiderant
477 1629 640 1678 Telephi
662 1628 775 1665 filium
792 1627 869 1669 alii,
900 1640 991 1678 quos
1013 1626 1203 1665 Cedrenus
1223 1628 1397 1678 sequutus

89 1689 138 1726 est
155 1703 195 1740 p.
222 1702 289 1739 135
311 1689 363 1726 D.
419 1688 541 1738 Hujus
558 1689 703 1739 generis
724 1687 838 1724 multa
856 1687 895 1725 in
909 1687 1032 1737 primo
1049 1686 1167 1723 statim
1186 1687 1281 1724 libro
1302 1688 1399 1727 Dio-

89 1749 182 1799 nyfii
197 1759 232 1786 et
249 1748 362 1786 Solin.
389 1761 471 1798 cap.
506 1761 525 1784 2
559 1747 734 1798 cognosci
752 1747 908 1798 poffunt.
967 1742 1155 1784 Tr'adueta
1174 1760 1320 1796 quoque
1340 1762 1399 1785 res

87 1809 134 1846 ad
155 1809 244 1847 alios
259 1822 280 1846 a
298 1807 416 1857 Troja
436 1807 496 1845 scu
516 1807 666 1845 reduces
687 1806 747 1843 seu
762 1806 958 1858 profugos.
1013 1805 1070 1842 Ita
1092 1806 1218 1858 Capys
1235 1809 1398 1858 Campa-

88 1869 188 1906 niam
206 1868 337 1907 tenuit.
394 1868 481 1905 Alia
499 1881 537 1904 ν.
566 1881 628 1918 ap.
663 1868 767 1904 Serv.
797 1866 842 1903 ad
862 1867 946 1903 AEn.
975 1867 1011 1909 Ι,
1040 1879 1131 1916 242.
1188 1868 1400 1920 Corrupere

87 1928 247 1966 Romani
264 1927 356 1979 ipsas
374 1927 554 1965 sacrorum
573 1927 714 1963 suorum
743 1926 1025 1963 domesticorum
1052 1938 1091 1962 0¹·
1095 1922 1120 1961 i
1110 1925 1227 1975 gines,
1257 1938 1296 1965 ut
1323 1928 1398 1966 Lu-

86 1988 305 2039 percalium,
335 1996 414 2040 quae
432 2003 478 2027 ex
496 1988 655 2026 Arcadia
670 1987 867 2038 repetiere.
920 1987 982 2025 De
998 1988 1128 2025 Fauno
1154 2002 1190 2025 v.
1206 1989 1397 2029 Plutarch.

89 2049 224 2087 Parall.
243 2063 282 2100 p.
299 2061 388 2100 315.
408 2061 442 2086 c.
497 2050 588 2100 Qae
601 2049 724 2085 omnia
744 2049 769 2085 fi
787 2047 894 2085 semel
909 2047 1160 2085 animadversa
1172 2060 1208 2086 et
1228 2049 1398 2100 perspec-

87 2105 127 2146 t‘a
140 2108 309 2147 habueris
336 2108 443 2145 ducta
460 2107 522 2144 illa
536 2121 581 2144 ex
597 2121 712 2158 prava
731 2107 917 2158 opinione,
939 2106 996 2144 scd
1017 2120 1102 2144 cum
1116 2108 1259 2145 ratione
1278 2120 1397 2153 certa,

87 2170 287 2207 multarum
306 2167 567 2205 obscuritatum
589 2179 625 2204 et
643 2167 900 2205 difficultatum
918 2166 1054 2204 nubem
1079 2180 1125 2205 ex
1145 2178 1268 2206 vetere
1284 2169 1396 2208 histo-

88 2225 144 2266 r'ia
161 2228 265 2266 facile
279 2227 471 2278 dispulsam
490 2227 557 2264 effe
577 2226 774 2278 intellige&

139 2288 240 2340 Qid
257 2287 356 2339 quod
374 2286 457 2324 satis
477 2286 667 2337 probabile
682 2287 772 2324 mihi
787 2287 841 2331 fit,
869 2286 986 2337 ipsam
1006 2286 1170 2323 fabulam
1190 2285 1236 2324 de
1252 2287 1394 2325 Romu-

86 2346 123 2386 lo
137 2358 174 2385 et
193 2349 311 2386 Remo
327 2360 347 2384 a
365 2347 451 2397 lupa
482 2347 623 2384 laetatis
657 2360 679 2384 a
705 2347 864 2384 nominis
896 2346 1203 2397 interpretatione
1223 2348 1289 2385 esse
1308 2362 1397 2399 pro-

87 2408 243 2446 fectam:
271 2420 357 2444 nam
376 2419 398 2442 a
411 2421 522 2449 ruma,
549 2406 610 2444 seu
629 2408 731 2449 rami,
759 2407 857 2458 quod
880 2417 982 2444 vetus
998 2420 1167 2444 mammae
1179 2419 1312 2444 nomen
1330 2409 1395 2450 est,

86 2467 215 2505 Roma:
228 2480 361 2504 nomen
376 2465 564 2504 deduxisse
584 2462 774 2504 nonnullos
794 2466 959 2504 videmus
977 2482 988 2510 ;
1029 2477 1068 2503 ut
1093 2465 1185 2503 alios
1215 2479 1236 2502 a
1255 2471 1409 2515 ‘virtute¹

85 2536 129 2565 a'c
147 2526 259 2565 robore
290 2525 337 2563 ad
351 2525 524 2564 Graecam
541 2540 673 2564 vocem
690 2529 807 2574 ῥώμην.
861 2526 1055 2577 Ignoratio
1078 2525 1249 2576 originis,
1281 2539 1302 2563 a
1320 2540 1395 2576 qua

29 2581 32 2584 ’
88 2587 222 2625 nomen
238 2587 337 2625 urbis
355 2586 503 2624 duuum
523 2588 623 2630 effet,
637 2587 827 2624 hominum
846 2587 987 2624 animos
1000 2586 1045 2623 ad
1063 2586 1290 2634 conjeffluras
1309 2600 1409 2626 con-.

89 2650 219 2693 vertit,
246 2663 326 2700 quae
345 2650 467 2700 postea
486 2650 522 2687 in
537 2650 766 2688 narrationes
786 2649 964 2687 abierant.
1020 2649 1132 2697 Qod
1153 2648 1177 2684 fi
1196 2661 1326 2685 verum
1344 2649 1395 2699 est

87 2721 126 2747 et
143 2723 189 2748 ex
203 2709 468 2759 antiquioribus
484 2710 654 2753 summm,
682 2709 780 2760 quod
809 2709 957 2747 Servius
976 2709 1023 2746 ad
1049 2709 1112 2746 lib.
1134 2709 1251 2750 VIII,
1278 2721 1329 2759 90
1356 2719 1396 2746 et

87 2770 175 2809 alibi
188 2769 320 2812 habet,
347 2779 386 2807 ut
404 2768 554 2808 'Iiberis
569 2770 722 2821 priscum
742 2783 875 2807 nomen
900 2769 1068 2807 Rumons
1047 2768 1157 2806 iuerit
1192 2769 1329 2818 (neque
1347 2768 1393 2805 il-

88 2832 150 2872 lad
168 2830 261 2871 adeo
277 2830 476 2870 abhorrens
496 2831 543 2870 ab
559 2831 805 2884 antiquiffimo
819 2843 997 2884 aquarum
1015 2841 1051 2870 et
1065 2829 1226 2869 amnium
1246 2829 1394 2868 nomine

714 2891 750 2930 K
778 2904 800 2930 z
1324 2901 1392 2940 per

1400 2266 1409 2288 Τ,
