1847 3313
430 251 845 310 AENEIDOS,
895 251 1048 303 LIB.
1100 251 1190 303 IX.

1357 271 1450 320 343

144 382 250 446 {pse
273 394 344 429 ter
362 381 563 429 adduelm
585 382 763 429 circum
789 393 931 444 caput
954 381 1052 446 egit
1074 381 1253 430 habena
1270 404 1285 436 ς

142 473 210 521 Et
235 474 388 521 media
409 474 585 521 adverfi
610 472 861 536 liquefacsto
882 486 1098 538 tempora
1118 474 1323 537 plumbo

141 563 346 620 Diffidit‚
369 580 421 611 ac
445 566 593 612 multa
614 566 887 627 porre<stum
911 565 1121 613 extendit
1141 581 1294 612 arena.

143 654 271 700 Tum
295 654 505 717 primum
529 655 652 702 bello
673 656 875 703 celerem
898 657 1143 704 intendiffe
1164 655 1385 720 sagittam

138 743 344 802 Dicitur,
374 759 480 792 ante
504 745 618 792 feras
642 745 803 793 solitus
827 758 997 794 terrere
1022 748 1227 811 fugaceS,

1346 761 1432 812 59¹

138 834 381 892 Ascanius,
407 835 672 899 sortemque
702 852 845 882 manu
869 835 1033 884 fudisse
1056 837 1333 885 Numanum
1348 861 1365 893 3

178 983 253 1024 589.
279 984 390 1026 Dffcit
398 994 447 1025 pr.
463 983 581 1014 Hamb.
599 993 658 1026 pro
675 983 740 1017 div.
759 983 835 1016 leet.
879 985 987 1017 dividit
998 987 1080 1016 Ven.
1121 985 1236 1028 dffaedit
1248 993 1312 1017 tres
1325 985 1437 1021 But-m..

129 1036 284 1077 profi-Ham
299 1047 347 1076 pr.
375 1035 507 1066 Mentel.
532 1046 605 1066 cum
626 1036 731 1074 Leid„
755 1043 910 1078 perpetua
925 1037 1092 1073 varietate,
1113 1047 1211 1078 quain
1236 1036 1331 1068 multi
1347 1044 1438 1068 nota-

135 1094 229 1124 runt3
252 1094 282 1118 et
294 1096 400 1127 nuper
416 1088 591 1118 Burmann.
614 1087 654 1118 ad
682 1086 817 1118 Anthol.
844 1097 916 1129 pag.
938 1096 1009 1129 109.
1053 1088 1164 1130 <stendit
1186 1098 1235 1129 pr.
1261 1086 1380 1121 Hamb.
1403 1094 1437 1119 et

131 1139 213 1171 alter
229 1139 364 1180 Menag.

128 1278 278 1306 crateres
297 1267 353 1304 seu
371 1267 470 1304 lacus
493 1266 651 1318 gemelli,
670 1266 748 1306 ide-

129 1333 224 1370 oque
254 1318 389 1355 Fratres
418 1319 521 1363 dieii,
551 1331 651 1369 aquae
678 1319 748 1358 sul-

129 1372 238 1408 fureae
280 1383 350 1407 non
384 1370 493 1420 longe
526 1369 571 1406 ab
616 1368 747 1420 Eryce,

130 1423 232 1466 urbe,
263 1422 308 1458 ad
339 1435 427 1470 quos
454 1420 621 1458 sollennia
648 1422 745 1470 jura-

123 1475 280 1523 juranda
298 1473 372 1510 fieri
391 1472 561 1510 solebant.
615 1471 747 1511 Habiti

128 1526 223 1563 inter
243 1526 326 1562 deos
344 1524 466 1561 fanum
485 1523 654 1566 habuere,
672 1537 745 1563 non

125 1577 236 1627 longe
260 1577 305 1613 ab
333 1575 420 1612 urbe
449 1575 580 1612 Palica.
633 1574 745 1628 Qod

126 1627 218 1665 illud
261 1628 295 1665 h.
332 1627 356 1664 l.
392 1626 490 1664 circa
523 1625 742 1677 Symaethum

124 1678 226 1717 fuiffe
243 1679 393 1723 dicitur,
416 1691 488 1715 non
506 1678 745 1728 geographico

124 1730 390 1781 accipiendum,
419 1729 478 1765 sed
507 1733 615 1779 po'eta
640 1730 743 1767 loco-

126 1793 203 1819 rum
222 1783 324 1819 fitum
343 1782 449 1818 latius
465 1790 499 1818 et
523 1793 544 1817 a
562 1780 741 1818 nobiliore

122 1833 269 1871 flumine
313 1832 488 1883 designat.
560 1831 740 1882 Alioquin

121 1884 231 1922 etiam
263 1883 413 1934 propior
446 1882 579 1931 Eryces
612 1883 741 1921 fluvius

121 1946 212 1980 erat,
240 1948 333 1973 nunc
355 1935 469 1972 Fiume
490 1937 525 1971 dz
542 1935 578 1972 S.
603 1935 739 1980 Paullo,

122 1998 161 2025 ut
189 1988 323 2025 Iaretta
356 1986 556 2035 Symaethus
590 1986 660 2023 est:
701 1996 739 2024 ut

120 2038 211 2076 bene
228 2038 354 2076 docuit
372 2037 580 2076 Cluverius.
625 2036 738 2089 Qod

121 2103 232 2126 unum
252 2089 395 2127 tandem
425 2088 586 2126 Palicum
602 2102 737 2126 memo-

118 2151 175 2178 rat
193 2145 316 2191 poeta,
347 2141 392 2177 ad
426 2139 603 2190 poeticam
628 2141 739 2177 ratio-

119 2205 201 2229 nem
220 2191 461 2236 referendum,
487 2203 557 2242 qua
573 2190 679 2229 licuit
694 2205 740 2230 ex

116 2243 259 2280 duobus
294 2256 404 2280 unum
436 2242 622 2279 nominare
632 2258 643 2288 3
670 2243 737 2281 nifi

117 2295 213 2333 forte
238 2295 313 2344 jam
345 2293 512 2331 Maronis
530 2303 632 2330 aetate
647 2307 738 2332 unus

116 2356 259 2386 tantum
290 2346 390 2383 locus
417 2343 512 2390 fuit3
551 2345 736 2395 quomodo

114 2397 311 2437 etiamnum
323 2410 412 2435 unus
422 2406 561 2434 tantum
571 2396 734 2442 hahetur,

115 2450 234 2487 distus
260 2450 385 2487 Donna
403 2449 502 2486 Tetia
531 2447 559 2485 s.
586 2449 734 2499 Nastitz,

114 2500 155 2538 ΙΙ
173 2499 233 2538 M.
261 2499 307 2537 ab
329 2498 416 2537 urbe
440 2499 635 2549 Pelagonia
650 2509 686 2536 et
713 2499 733 2536 1

114 2553 217 2590 leuca
231 2563 251 2587 a
269 2550 404 2589 Minoo
420 2550 459 2588 in
482 2551 575 2587 valle
600 2549 734 2588 monti-

115 2603 183 2641 bus
201 2602 392 2639 Vulcaniis
419 2600 571 2646 inclusa,
602 2615 681 2652 quae
697 2611 733 2640 et

115 2654 192 2706 ipsa
209 2663 321 2691 exater
345 2652 503 2691 Vulcani
531 2652 631 2690 fuisse
657 2665 732 2690 cre-

113 2707 226 2744 ditur.
298 2704 414 2743 Durat
448 2706 565 2741 adhuc
607 2703 733 2742 similis

114 2755 331 2808 superstitio,
357 2756 453 2807 quod
470 2755 622 2793 fatidica
652 2768 731 2794 mu-

113 2808 182 2851 liet
199 2807 275 2849 illic
293 2807 412 2850 sedem
442 2806 563 2850 habet.
614 2806 732 2853 Mira-

453 1146 530 1179 590.
548 1139 661 1170 celerem
676 1138 744 1170 bello
758 1138 860 1170 Goth.
885 1139 1106 1181 seo—592.
1118 1139 1224 1184 ῥάψε
1238 1139 1348 1172 Fratue0

814 1267 952 1305 tionem
992 1266 1080 1304 facit
1113 1279 1205 1318 aqua
1234 1267 1274 1305 in
1311 1266 1435 1305 medio

812 1330 949 1357 cratere
961 1318 1149 1362 ebulliens,
1178 1318 1327 1357 sulfurei
1341 1319 1434 1357 odo-

813 1371 875 1408 ris.
937 1373 1026 1423 588.
1070 1371 1247 1421 lt'quqfac‘lo
1280 1370 1434 1421 plumbo.

814 1421 904 1459 Non
947 1421 1043 1473 quasi
1087 1421 1273 1471 plumbum
1317 1421 1431 1459 funda

811 1473 971 1511 emissum
987 1474 1025 1511 in
1039 1478 1120 1511 ae're
1136 1471 1309 1523 liquefieri
1326 1483 1431 1523 puta-

808 1524 883 1561 rint
897 1539 907 1569 3
937 1525 1034 1576 quod
1055 1524 1299 1575 portentosum
1323 1525 1431 1571 effet5

811 1575 871 1613 sed
900 1576 1076 1614 inflifium
1106 1584 1142 1612 et
1169 1575 1302 1612 illisum
1328 1575 1430 1613 duris

808 1627 937 1665 offibus
971 1627 1159 1678 plumbum
1191 1639 1237 1663 ex
1268 1626 1428 1665 rotundo

806 1678 995 1719 dilatatum
1027 1679 1204 1716 viderant.
1257 1676 1345 1714 Erat
1362 1691 1427 1716 au·

804 1738 877 1766 tem
918 1730 1104 1781 plumbum
1151 1728 1265 1767 funda
1305 1728 1427 1768 emitti

807 1781 952 1818 solitum
982 1782 1055 1819 fere
1072 1779 1177 1818 olivae
1201 1779 1326 1817 simile.
1378 1780 1426 1819 In

805 1836 879 1884 589
905 1834 1012 1883 poeta
1042 1844 1115 1869 non
1141 1831 1224 1868 satis
1251 1830 1427 1877 attendit,

804 1883 840 1921 se
868 1883 907 1920 in
938 1881 1205 1936 oppugnatione
1237 1894 1424 1922 murorum

804 1935 948 1974 versari.
983 1935 1081 1972 Nam
1093 1949 1230 1971 arenam
1241 1933 1302 1970 vix
1317 1933 1422 1979 bene,

803 1986 926 2024 saltem
954 2000 1079 2038 parum
1098 1985 1256 2036 proprie,
1291 1985 1337 2021 de
1355 1985 1422 2023 ho·

804 2039 902 2075 mine
919 2038 958 2076 in
977 2037 1087 2076 muris
1104 2047 1165 2074 aut
1182 2037 1276 2079 vallo
1293 2036 1420 2081 stante,

800 2088 932 2138 posuit.
986 2103 1072 2140 590.
1101 2088 1221 2125 Multa
1237 2088 1275 2129 h,
1296 2088 1321 2126 l.
1340 2100 1420 2126 mo-

801 2139 939 2178 liuntur
956 2140 1025 2180 viri
1043 2139 1156 2183 doffi,
1172 2149 1210 2181 ut
1227 2138 1428 2180 difficultate

802 2200 875 2228 tem
913 2191 1070 2236 diluant,
1106 2191 1203 2241 quod
1242 2189 1302 2228 hic
1339 2190 1418 2240 jam

799 2255 899 2281 arma
912 2245 1051 2287 trafiet,
1067 2244 1130 2294 qui
1146 2241 1186 2280 in
1203 2240 1268 2285 lib,
1288 2241 1323 2286 1,
1340 2253 1415 2300 717

798 2306 887 2343 puer
898 2294 985 2339 fuit,
1000 2294 1060 2332 cui
1078 2293 1279 2333 affimilatus
1298 2296 1418 2332 Amor

799 2344 956 2383 Didonis
967 2344 1108 2397 gremio
1126 2344 1277 2387 insidere
1291 2345 1417 2395 poss‘et.

798 2396 949 2435 Scilicet
971 2409 1038 2435 nec
1062 2395 1154 2435 illud
1172 2397 1264 2433 reete
1278 2405 1417 2442 tenent,

797 2448 886 2499 quid
902 2460 947 2488 eo
960 2446 1045 2485 loco
1061 2447 1104 2485 fit
1122 2452 1250 2500 gremio
1263 2449 1416 2497 irfidere,

793 2500 841 2537 ad
858 2509 1012 2537 veterem
1035 2511 1188 2542 morem,
1214 2510 1281 2535 nec
1309 2497 1415 2549 cogi-

794 2560 888 2596 tant,
915 2552 1090 2590 Amorem
1107 2562 1127 2586 a
1144 2549 1320 2587 veteribus
1345 2561 1412 2600 pu-

795 2615 895 2640 erum
937 2601 1012 2640 fere
1056 2599 1228 2652 puberem
1273 2599 1415 2646 haberi,

795 2655 894 2705 quod
920 2666 964 2691 ex
992 2651 1113 2703 poetis
1136 2662 1175 2690 et
1200 2650 1307 2702 signis
1332 2651 1416 2689 satis

796 2706 947 2750 constat,
976 2714 1055 2741 turn
1090 2715 1178 2741 vero
1204 2703 1301 2740 idem
1338 2704 1414 2753 jam

797 2755 983 2796 venationi
1025 2755 1143 2793 acrius
1188 2753 1412 2794 indulserat:

798 2807 873 2856 IV,
903 2811 990 2861 156.
1016 2804 1111 2854 vu,
1133 2818 1238 2859 479.
1264 2803 1417 2899 eficffriz
