1847 3313
320 272 740 327 AENEIDOS,
791 269 944 317 LIB.
993 267 1105 315 VII,
1318 280 1378 328 73

70 410 249 460 Indicit
272 409 438 472 primis
465 407 715 471 juvenum,
737 414 783 449 et
810 400 950 466 jubet
973 415 1101 447 arma
1124 397 1294 461 parari,

72 500 237 549 Tutari
264 499 466 555 Italiam,
491 496 741 543 detrudere
764 493 937 539 finibus
962 491 1175 538 hostem:

71 593 128 638 Se
139 590 244 636 satis
255 587 487 635 ambobus
502 582 791 645 Teucrisque
805 581 963 628 venire
975 579 1264 643 Latinisque.
1286 595 1384 642 470

18 714 21 719 ,
72 682 198 729 Haec
221 679 304 726 ubi
327 678 452 724 dieta
477 675 625 730 dedit,
646 671 873 735 divosque
896 673 945 717 in
968 682 1078 716 vota
1099 671 1289 717 vocavit
1299 693 1313 724 ς

75 769 311 817 Certatim
334 766 425 813 sese
450 763 614 811 Rutuli
643 761 950 808 exhortantur
970 760 1017 805 in
1041 777 1187 808 arma.

73 861 219 909 Hunc
232 859 372 905 decus
384 856 627 920 egregium
641 853 807 899 formae
820 863 983 898 movet
997 852 1382 915 atquejuventae;

74 952 222 999 Hunc
243 949 368 996 atavi
393 964 550 1011 reges;
587 949 714 994 hunc
739 944 875 990 claris
900 944 1089 990 dextera
1114 944 1264 993 faeliS.

134 1044 269 1091 Dum
295 1041 483 1087 Turnus
511 1038 712 1084 Rutulos
735 1034 903 1081 animis
927 1033 1181 1080 audacibus
1213 1034 1381 1097 inplet,

116 1190 192 1229 468.
216 1192 328 1223 Inducit
351 1191 433 1220 Ven.
479 1197 506 1219 et
535 1186 618 1218 abest
640 1196 690 1228 pr.
714 1183 838 1215 Hamh.

358 1250 431 1279 470.
454 1252 508 1283 que
533 1239 566 1269 in
582 1237 644 1269 fine
659 1236 743 1267 abest
770 1234 892 1272 multis,
915 1245 953 1265 ex
976 1245 1076 1264 more.

75 1247 101 1279 Ι.
127 1254 153 1274 et
167 1245 195 1274 d.
220 1253 267 1284 pr.

75 1299 183 1327 Franc.
186 1302 346 1332 ——473.
363 1293 493 1334 juventa
510 1290 633 1331 aliquot
651 1289 736 1319 Pier.
762 1295 791 1317 et
807 1286 908 1317 Goth.
925 1286 982 1317 sec.

75 1346 199 1377 Medic.
216 1344 322 1374 Pierii.
411 1351 487 1380 475

906 1212 915 1218 ,,
932 1181 1010 1224 469.
1035 1183 1124 1215 Italia
1148 1181 1227 1213 alter
1255 1184 1387 1224 Menag.

1165 1243 1238 1272 472.
1262 1236 1391 1267 certanti

1072 1294 1146 1324 474.
1173 1286 1245 1317 clari
1258 1287 1287 1316 d.
1306 1288 1390 1329 sodli

514 1344 593 1373 Dum
612 1341 648 1371 T.
668 1352 715 1370 ιιῖη
711 1341 766 1369 mis
781 1338 901 1369 Rutulos
919 1336 1014 1366 multi
1034 1336 1093 1366 Hei
1097 1336 1141 1366 ns.
1158 1339 1260 1367 animos
1281 1339 1353 1369 Rut
1350 1339 1390 1370 lis

77 1398 160 1438 Reg.
173 1409 182 1434 3
205 1406 294 1426 error
310 1401 417 1425 autem
434 1395 505 1424 Rut.
504 1394 552 1423 lus
569 1403 627 1433 pro
646 1390 772 1422 Rutulus
789 1388 892 1429 saepe
884 1399 916 1418 ln
932 1387 1009 1419 libb.
1029 1387 1176 1418 occurrit.
1212 1387 1295 1418 Illud
1311 1400 1389 1421 vero

79 1449 192 1484 miror,
217 1457 289 1477 cum
305 1445 517 1485 corripiantur
540 1444 572 1474 in
589 1443 648 1473 hac
675 1452 752 1472 voce
779 1439 920 1482 syllabae,
946 1438 1067 1470 Graecis
1089 1437 1182 1470 scribi
1206 1449 1317 1470 vocem
1331 1451 1392 1484 per

74 1500 314 1544 diphthongum
331 1511 370 1535 ου,
386 1497 537 1528 Ρετσῦῑοι,

75 1633 146 1669 lata
170 1633 243 1681 jam
273 1645 292 1668 a
322 1630 469 1667 Latino.
521 1634 638 1666 venire
654 1628 700 1663 est

77 1684 236 1734 gravius,
268 1695 375 1732 quam
409 1682 494 1725 ess'e3
539 1690 577 1716 ut
611 1678 701 1715 alibi

77 1734 268 1772 monitum.
321 1736 414 1770 divos
442 1739 476 1768 in
501 1743 584 1768 vota
600 1747 700 1768 vom-

75 1793 145 1829 vit,
180 1786 239 1822 inv
244 1785 363 1822 ocavit
396 1782 514 1825 voti53
560 1781 609 1819 cf
654 1782 700 1817 ad

77 1837 144 1875 lib.
165 1839 218 1881 V,
239 1851 333 1886 2343
364 1836 545 1880 ἔπηυξατο.
586 1833 703 1870 exhor-

77 1901 207 1932 tamur,
234 1896 355 1939 (ἐξα-αν,
378 1891 544 1937 ἐπῶξσικν,
562 1885 702 1922 Home·

78 1941 208 1979 ricum.

128 2006 344 2043 472—474.
374 1991 503 2029 Rutuli
517 1990 550 2027 se
570 1997 702 2027 acuunt

77 2045 123 2081 ad
142 2045 291 2088 bellum,
321 2043 384 2080 alii
418 2040 701 2101 pulchritudine,

79 2095 143 2131 alii
161 2094 350 2132 nobilitate
371 2094 507 2136 Turni,
538 2093 602 2130 alii
629 2104 701 2127 νιτ-

79 2146 166 2183 tutis
182 2146 279 2182 fama
296 2147 416 2184 erec‘ii.
471 2146 518 2181 Et
547 2145 594 2182 fic
622 2143 702 2180 Ser-

78 2198 170 2234 vius.
227 2197 326 2235 Male
358 2197 531 2254 Pompoxr.
575 2205 609 2232 et
639 2193 703 2232 alii

78 2250 161 2285 Hm
153 2264 178 2285 c
198 2248 245 2285 sc.
268 2251 435 2285 Turnum
454 2247 649 2297 accipiunt.

112 2315 204 2351 ⁴475
251 2300 326 2350 sqq.
364 2299 584 2348 Principium
620 2297 707 2334 belli

80 2351 176 2388 inter
206 2351 253 2387 L
238 2353 353 2387 tinos
371 2362 405 2387 et
424 2351 603 2400 'Imjanos
628 2362 702 2385 cer-

79 2416 198 2439 vusve
194 2418 233 2438 ιι
236 2415 270 2439 ιι
278 2416 344 2439 ont
360 2403 577 2438 inretmentus
633 2401 703 2436 Re-

80 2455 288 2504 prehensum
310 2456 376 2490 hoc
405 2455 478 2502 jam
508 2452 600 2502 apud
620 2451 703 2488 Ma-

80 2507 180 2542 crob.
220 2505 272 2550 V,
314 2519 355 2556 17
398 2506 484 2542 hinc
528 2517 547 2540 a
582 2503 704 2540 multis

82 2566 264 2607 tamquam
281 2567 385 2593 tenue
403 2567 437 2593 et
454 2556 490 2592 vi
508 2555 607 2606 epica
625 2554 703 2591 des-

82 2608 244 2645 titutum.
292 2607 393 2644 Nolo
409 2607 599 2644 defendere
618 2610 705 2657 poe'-

83 2669 167 2697 tam.
222 2659 340 2696 Totus
358 2659 417 2695 hic
432 2660 533 2695 locus
543 2659 588 2695 de
606 2657 704 2694 caus-

83 2711 126 2747 fis
152 2710 238 2748 belli
271 2710 309 2747 in
336 2710 517 2759 Trojanos
535 2707 709 2747 concitati

83 2775 208 2811 parum
236 2763 363 2812 placet.
418 2760 551 2798 Malim
571 2774 590 2797 a
609 2773 709 2810 mag-

83 2812 140 2849 nis
158 2814 357 2850 animorum
379 2813 551 2856 motibus,
587 2811 648 2848 iris
674 2820 709 2848 et

84 2864 193 2911 ediis,
223 2878 278 2904 eas
305 2864 476 2903 arceffitas
499 2865 578 2910 effe,
604 2875 712 2915 quam

766 1639 786 1662 a
807 1626 856 1662 D}
863 1625 1010 1662 scordi‘e
1028 1624 1084 1661 seu
1106 1623 1223 1661 Furiae
1240 1622 1391 1661 artibus

769 1679 808 1714 Si
828 1678 929 1714 semel
949 1681 1056 1727 poeta
1086 1690 1199 1712 rerum
1220 1676 1391 1712 miracula

767 1742 832 1778 pro
867 1729 987 1766 cauffis
1019 1727 1240 1764 naturalibus
1274 1726 1391 1770 affert,

768 1780 815 1817 ab
860 1780 1056 1829 allegorica
1102 1789 1198 1815 certe
1242 1778 1392 1827 persona

768 1832 894 1869 frustra
919 1845 959 1867 ea
984 1830 1059 1881 peti
1075 1841 1175 1880 puto.
1231 1830 1311 1866 Nec
1340 1840 1394 1866 ta-

766 1897 850 1920 men
882 1895 984 1920 cerva
1005 1882 1062 1918 bic
1081 1882 1166 1918 belli
1186 1883 1232 1918 est
1251 1882 1389 1925 cauffa3

766 1935 827 1971 sed
854 1934 993 1971 occasio
1020 1943 1158 1970 tantum
1177 1943 1212 1971 et
1231 1932 1392 1970 initium.

767 1986 1024 2024 Nan-ationem
1042 1998 1185 2034 quoque
1211 1986 1285 2021 haec
1318 1984 1394 2034 ipsa

768 2051 838 2081 res,
858 2036 1047 2075 concursus
1067 2037 1154 2074 caesa
1172 2049 1278 2073 cerva
1296 2035 1394 2072 sacra

765 2091 891 2131 sactus,
906 2102 970 2138 pro
986 2087 1059 2124 illis
1072 2088 1293 2138 temporibus
1304 2088 1394 2124 facit

766 2141 1003 2191 probabilem,
1047 2152 1129 2176 cum
1169 2140 1275 2176 semel
1320 2152 1393 2175 non

766 2192 916 2229 consilio
935 2191 996 2227 sed
1023 2191 1226 2228 animorum
1257 2191 1394 2240 impetu

767 2243 1021 2280 committendi
1040 2243 1146 2279 effent
1166 2241 1289 2278 Latini
1309 2255 1394 2278 cum

769 2295 940 2344 Trojanis
957 2305 992 2331 et
1012 2307 1063 2331 res
1081 2294 1124 2330 ad
1142 2307 1262 2330 manus
1280 2293 1395 2329 dedu-

769 2348 896 2384 cenda.
951 2347 1049 2382 Tum
1076 2350 1182 2394 poeta
1211 2346 1396 2381 aemulatus

772 2410 914 2446 putatur
946 2397 1032 2435 belli
1069 2396 1173 2433 Iliaci
1218 2396 1322 2434 initia
1360 2405 1397 2432 et

771 2460 916 2486 retentae
933 2449 969 2485 in
990 2447 1126 2485 Aulide
1155 2448 1263 2485 claffis
1282 2447 1398 2484 Achi-

769 2514 895 2537 vorum
935 2501 1081 2544 caussas,
1122 2499 1311 2536 interemta
1350 2499 1396 2535 ab

770 2553 1044 2601 Agamemnone
1062 2564 1166 2588 cerva
1196 2551 1325 2587 Dianae
1344 2550 1396 2586 sa-

768 2617 843 2641 cra.
886 2603 1049 2640 Omnino
1067 2602 1211 2639 invento
1229 2601 1314 2638 huic
1331 2614 1397 2652 po-

772 2660 839 2692 e'tae
877 2656 1013 2692 strenue
1050 2653 1304 2696 incubuerunt,
1357 2663 1399 2690 ut

771 2719 972 2757 pugnarum
1006 2714 1042 2742 et
1071 2705 1238 2741 odiorum
1268 2704 1401 2741 caussas

773 2758 819 2795 ab
838 2758 963 2795 occisis
980 2756 1059 2794 casu
1087 2756 1192 2792 sacris
1209 2755 1401 2793 animanti-

775 2809 856 2853 bus,
884 2824 963 2860 quae
985 2810 1161 2856 (wessaga,
1180 2810 1327 2855 οἵφετα),
1354 2807 1400 2843 li-

777 2861 860 2899 bere
903 2874 966 2900 va
947 2870 1130 2912 t‚arentum
1179 2859 1398 2901 arcess'erent

1229 2909 1402 2961 Exempla
