1847 3313
385 287 809 344 AENEIDOS,
860 284 1011 332 LIB.
1056 282 1169 330 VII.
1344 285 1439 341 117

134 426 263 473 Auro
285 422 555 486 insignibat,
582 420 684 484 jam
713 417 834 465 stetis
860 415 1024 471 obsita,
1051 412 1154 477 jam
1176 411 1279 466 bos,
1346 416 1443 469 790-

127 513 482 577 Argumentum
505 511 686 572 ingens,
721 517 768 552 et
791 504 943 550 custos
962 500 1162 564 virginis
1190 500 1366 560 Argus,

130 605 402 665 Caelataque
419 617 608 648 amnem
628 597 830 645 fundens
853 606 987 657 pater
1014 591 1214 638 Inachus
1237 603 1374 635 urna.

128 694 397 755 Insequitur
420 691 611 736 nimbus
635 687 869 750 peditum,
903 685 1199 745 clipeataque
1216 679 1331 727 totis

131 782 345 846 Agmina
368 778 622 826 densentur
643 775 845 838 campis,
882 773 1157 836 Argivaque
1176 769 1344 833 pubeS,

115 874 466 932 =Auruncaeque
483 884 666 924 manus,
702 866 885 921 Rutuli,
919 860 1192 923 veteresque
1217 858 1392 914 Sicani,

1346 944 1440 1012 796

127 1056 227 1122 Qi
253 1057 408 1113 saltus,
435 1055 677 1110 Tiberine,
711 1065 832 1107 tum,
867 1051 1146 1111 sacrumque
1169 1044 1385 1093 NumicI

127 1148 266 1195 Litus
290 1158 436 1202 arant,
472 1140 766 1204 Rutulosque
789 1149 1008 1187 exercent
1029 1151 1220 1184 vomere
1243 1133 1400 1191 collis,

126 963 192 1012 Et
215 963 428 1008 Sacranae
450 960 589 1016 acieS,
623 970 669 1004 et
691 955 809 1020 pieti
826 955 956 1002 scuta
976 951 1145 1000 Labici
1167 969 1180 998 2

174 1277 247 1312 790.
272 1270 429 1312 infignabat
445 1268 584 1300 Dorvill.
632 1267 731 1311 irfigni
757 1267 817 1298 ibat
843 1265 945 1297 Goth.
970 1265 1026 1296 see.
1073 1263 1167 1307 obstita
1182 1263 1282 1295 Rom.
1322 1259 1387 1301 jam
1403 1259 1445 1291 bis

128 1321 210 1353 alter
226 1321 361 1361 Menag.
451 1329 522 1361 793.
541 1319 637 1362 pilata
664 1317 810 1349 nonnulli
840 1328 891 1358 ap.
918 1316 1086 1347 Cerdam:
1125 1326 1163 1346 ex
1182 1315 1257 1346 AEn.
1278 1314 1354 1349 XII,
1381 1319 1443 1342 121

123 1373 274 1416 pilataque
284 1371 374 1413 plenis
390 1371 517 1412 Agmina
524 1370 554 1412 sc
561 1369 694 1412 fundunt
706 1370 972 1412 portis.·--—794.
995 1366 1140 1410 densentur
1165 1363 1278 1395 Heins.
1304 1373 1341 1394 ex
1374 1364 1445 1392 Me-

130 1425 194 1456 dic.
210 1423 352 1464 aliisque.
394 1422 550 1453 Defendit
577 1432 705 1463 quoque
736 1422 825 1451 Serv.
858 1419 941 1450 conf.
972 1420 1039 1460 sup.
1068 1418 1109 1449 ad
1134 1419 1196 1449 Ge.
1215 1419 1240 1455 Ι,
1263 1415 1336 1452 248.
1369 1424 1446 1455 419.

132 1475 200 1506 Alii
211 1475 368 1518 densantur.
415 1473 591 1504 Variabant
605 1472 702 1504 Pierii
723 1481 849 1513 quoque
866 1469 956 1502 codd.
1048 1478 1086 1511 79
1089 1478 1120 1508 5.
1145 1470 1289 1501 Arruncae
1309 1468 1367 1498 Ge.
1387 1466 1446 1496 Fa.

131 1526 222 1558 bricii
239 1526 350 1563 codex,
374 1533 405 1555 et
418 1524 457 1555 fic
474 1525 526 1555 ille
543 1524 593 1555 vel
609 1526 739 1557 Aruncae
754 1522 906 1564 scriptum
923 1520 1082 1558 malebat3
1105 1527 1213 1551 vetere
1230 1528 1332 1549 more.
1365 1517 1446 1547 Mox:

131 1577 223 1608 Siculi
236 1575 398 1621 veteresque
413 1575 509 1606 Sicani
521 1575 608 1605 Serv.
622 1574 662 1604 ad
678 1575 702 1611 Ι,
724 1574 800 1603 AEn.
820 1582 839 1604 2
855 1572 983 1610 laudat3
1021 1569 1198 1607 memoriae,
1219 1575 1256 1600 ut
1287 1566 1371 1599 credi
1387 1576 1445 1608 par

130 1629 188 1665 est,
210 1628 301 1658 vitio.
350 1625 435 1656 Male
452 1634 558 1656 tamen
576 1636 627 1655 me
644 1624 760 1656 habent
778 1623 812 1654 hi
825 1624 928 1655 Rutuli
943 1621 1145 1664 sequentibus
1160 1630 1278 1653 mcxv,
1300 1618 1362 1660 798
1380 1621 1446 1653 Ru·

130 1680 198 1710 tulis
215 1678 348 1710 collibus:
375 1684 411 1707 ut
427 1676 505 1706 adeo
522 1676 622 1706 Servii
639 1685 781 1706 errorem
803 1674 917 1716 cupide
932 1673 1116 1715 ampleehir.
1207 1671 1281 1712 796.
1303 1671 1446 1702 Sarranae

132 1738 165 1761 et
182 1731 306 1761 Saranae
323 1727 442 1767 aliqui:
468 1728 605 1758 Saturnae
623 1729 751 1767 Menag.
769 1735 815 1766 pr.
864 1727 1014 1756 Gauranae
1045 1723 1116 1755 edd.
1144 1721 1293 1752 Macrob.
1319 1721 1350 1750 V
1377 1721 1444 1752 Sat.

134 1790 187 1821 15,
208 1779 262 1811 ubi
277 1778 405 1809 Thuan.
423 1780 574 1810 Gaurinae.
621 1777 682 1808 Sed
703 1779 822 1808 Gaurus
851 1775 934 1817 apud
951 1774 1102 1805 Puteolos
1110 1773 1229 1804 alienus
1240 1772 1278 1802 ab
1293 1771 1342 1802 his
1356 1771 1447 1803 locis.

131 1845 164 1866 v.
185 1836 260 1864 Exc.
276 1832 365 1867 VIII,
389 1830 441 1860 ubi
463 1831 501 1860 ad
518 1829 551 1860 h.
570 1839 601 1859 v.
648 1829 732 1859 lviox
745 1828 846 1871 Lybici
862 1829 993 1869 Menag.
1010 1836 1060 1868 pr.
1103 1825 1208 1863 Libici,
1232 1825 1327 1855 Linici
1343 1823 1447 1854 Goth.

127 1884 207 1917 bini.
303 1890 373 1922 797.
395 1882 511 1912 Maniai
528 1879 621 1910 Leid.

570 2013 579 2022 .
610 1997 653 2021 ex
674 1982 749 2020 Eu·
817 1980 928 2018 VIII.
983 1981 1132 2018 Sacram·
1146 1977 1361 2016 Ardeatium
1380 1987 1446 2028 ag-

129 1986 278 2024 fimilem
295 1985 442 2023 laudant
461 1985 516 2022 int

519 1999 566 2036 pp
818 2046 900 2069 men
920 2031 1063 2069 videtur
1081 2030 1184 2068 fuiffe
1201 2044 1220 2066 e
1242 2043 1319 2066 vere
1343 2028 1446 2065 sacro

129 2051 232 2088 ropa,
259 2038 357 2088 quod
390 2037 535 2074 Moschi
564 2037 612 2074 est
642 2035 750 2084 Idyll.

129 2089 167 2126 II
195 2103 229 2128 v.
250 2103 311 2138 43.
332 2102 394 2138 44.
448 2089 577 2125 nimbus
608 2089 753 2137 peditum

131 2144 218 2189 νέφος
233 2141 334 2191 πεζῶν
362 2139 469 2177 Iliad.
490 2140 523 2184 δ,
553 2153 628 2189 274
644 2148 678 2174 et
708 2138 754 2174 al.

132 2194 272 2243 Argiva
283 2191 409 2241 pubes:
439 2191 593 2240 pertinet
616 2190 661 2226 ad
681 2188 757 2226 ori-

130 2244 252 2294 ginem
273 2243 393 2279 Turni
424 2251 458 2279 et
477 2243 623 2279 colonos
641 2240 755 2290 Argi-

130 2308 208 2339 vos,
235 2294 298 2345 qui
335 2306 418 2330 cum
455 2294 581 2330 Dana'e'
614 2291 660 2329 ad
679 2291 756 2328 Ita-

133 2347 220 2384 liam
256 2353 453 2389 venerant3
496 2359 531 2381 v.
552 2344 643 2380 Exc.
665 2342 757 2380 VH.

132 2399 285 2437 Aurunci
300 2396 336 2434 h.
350 2397 374 2433 l.
386 2395 466 2432 sunt
483 2394 545 2446 qui
565 2395 616 2432 cis
635 2393 757 2431 Lirim

132 2448 357 2486 habitabant.
376 2461 411 2484 v.
432 2447 584 2484 Excurs.
598 2444 694 2482 VIII
709 2445 754 2481 ad

131 2513 168 2539 v.
189 2513 276 2551 723.
330 2500 476 2540 Sicanos,
503 2497 569 2535 int.
586 2495 756 2547 reliquias

133 2564 178 2590 ex
197 2551 254 2596 iis,
280 2564 360 2600 quae
376 2549 421 2586 ad
437 2549 606 2587 Tiberim
626 2549 664 2585 in
680 2548 754 2583 Ru.

135 2602 293 2639 tulorum
324 2601 453 2638 finibus
484 2599 673 2638 consediffe
701 2599 756 2635 vi·-

134 2654 287 2693 dentur:
317 2652 382 2690 lib.
402 2652 476 2696 XI,
497 2665 583 2703 3¹7·
613 2651 662 2688 cf.
684 2649 757 2686 Ex-

133 2704 227 2746 curs.
243 2703 339 2740 VIII
356 2704 400 2741 ad
415 2717 451 2741 ν.
470 2708 541 2756 783
555 2713 589 2740 et
603 2701 754 2739 Exeurs.

134 2755 174 2799 II
188 2755 234 2792 ad
245 2754 309 2792 lib.
326 2754 438 2792 VIII.
493 2756 661 2793 Sacranas
675 2757 759 2790 acies

116 2815 172 2853 'ct
187 2806 324 2864 reliqua
340 2805 417 2849 vid.
439 2805 479 2846 in
506 2806 587 2852 eod.
607 2803 760 2849 Excurs.

817 2095 942 2120 natum
961 2094 1022 2120 aut
1048 2092 1146 2120 certo
1165 2079 1322 2123 numini,
1349 2079 1446 2117 forte

819 2135 969 2185 Magnae
986 2135 1095 2172 deum
1110 2133 1232 2177 matri,
1260 2131 1447 2170 consecra-

821 2197 896 2224 tum
913 2202 922 2230 ;
950 2186 1100 2223 obscura
1118 2185 1214 2222 enim
1234 2185 1285 2220 rei
1303 2183 1350 2219 est
1368 2195 1445 2218 me·

822 2238 951 2275 moria.
1005 2239 1205 2288 Sacrumque
1223 2235 1359 2272 Numici
1369 2235 1445 2270 Lit-

822 2300 901 2327 tus:
948 2288 1093 2340 proprie
1138 2287 1212 2338 ipse
1247 2285 1446 2323 Numicius

821 2341 935 2378 amnis
954 2341 1064 2384 sacer,
1091 2341 1166 2378 δῖος.
1193 2341 1320 2376 Anxur
1337 2335 1446 2374 Vols-

821 2405 945 2430 corum
963 2392 1110 2429 nomine
1127 2391 1270 2440 Jupiter
1288 2389 1446 2439 appella-

822 2454 892 2486 tus,
921 2442 1022 2493 pueri
1042 2443 1159 2481 forma
1177 2442 1215 2478 in
1246 2442 1364 2477 numis
1381 2453 1446 2476 oc-

823 2495 961 2539 currit3
1000 2502 1040 2530 ut
1071 2494 1162 2531 adeo
1193 2505 1276 2530 cum
1306 2491 1446 2540 Vejove

820 2544 1019 2596 comparari
1036 2545 1151 2595 postit,
1178 2544 1224 2581 de
1243 2556 1315 2592 quo
1326 2541 1444 2580 Ovid.

822 2596 912 2634 Fast‚
950 2596 1023 2641 111,
1064 2609 1136 2646 437
1158 2594 1210 2646 sq.
1264 2594 1365 2631 Idem
1388 2606 1447 2630 ur-

819 2648 859 2686 bi
891 2648 1051 2692 Anxuri,
1092 2660 1192 2690 mox,
1219 2646 1446 2691 Tarracinae,

823 2714 954 2738 nomen
997 2698 1128 2736 dedisse
1161 2698 1328 2735 videtur:
1380 2709 1445 2732 cu-

822 2753 879 2801 jus
903 2764 988 2802 ager
1020 2751 1057 2788 h.
1092 2750 1116 2786 I.
1137 2762 1199 2799 per
1217 2760 1316 2790 arva,
1358 2754 1446 2799 queis

824 2804 967 2857 Jupiter
992 2802 1154 2843 Anxurus
1174 2801 1345 2853 praefidet‚
1381 2799 1444 2835 de-

1274 2851 1446 2894 claratur.
