1847 3313
431 305 543 352 AD
598 304 937 353 LIBRUM
985 306 1097 353 vn.
1314 323 1402 371 141

150 438 343 477 Habemus
359 438 436 488 jam
455 451 690 476 communem
711 438 862 476 Ausonii
878 439 1024 490 generis
1045 439 1206 491 stirpem,
1235 441 1282 479 de
1301 442 1410 491 cujus>

97 498 296 536 remotiore
323 498 466 548 origine
484 496 692 548 inquirendi
713 498 813 536 locus
834 512 930 537 nunc
950 512 1024 537 non
1043 501 1092 537 est
1109 516 1120 545 ;
1156 502 1220 540 etsi
1240 503 1408 551 proclive

98 556 148 593 est
166 570 186 593 a
216 557 368 607 Celticis
395 557 537 607 populis
568 569 649 593 eam
681 567 863 607 repetere.
916 558 977 595 Ad
1011 558 1187 609 Ligures,
1218 562 1406 600 Ibericum

96 627 227 664 genus,
247 617 334 654 olim
350 630 431 653 eam
451 616 606 654 retulere
625 615 819 665 scriptores
839 617 936 667 apud
963 618 1120 669 Dionys.
1147 622 1182 664 I,
1207 635 1264 659 10.
1321 623 1404 661 Ve-

41 696 45 701 >
97 688 178 713 rum
198 690 266 714 nec
280 676 423 714 definiri
442 676 639 727 quicquam
653 674 691 712 in
711 676 908 726 agrestium
922 676 1090 727 gentium
1105 679 1308 730 originibus
1327 690 1406 720 tam

97 736 256 785 antiquis
275 737 405 787 potest,
437 749 503 773 nec
523 735 568 772 ad
584 748 692 772 unum
708 734 768 772 sed
788 735 833 772 ad
850 737 970 786 plures
989 750 1010 773 e
1034 738 1278 788 septentrione
1291 752 1328 779 et
1342 755 1408 780 oc-

97 796 243 834 cidente
279 797 517 834 adventantes
544 795 717 832 barbaros
748 797 904 847 populos
941 796 1061 847 prima
1092 799 1271 838 Italorum
1296 802 1406 855 origo

96 857 293 894 referenda
318 858 386 894 esse
405 856 564 893 videtur.

148 916 412 967 Progredimur
431 928 524 952 nunc
549 913 595 951 ad
615 914 785 956 alterum,
817 915 916 965 quod
941 916 1155 966 posuimus:
1197 931 1336 957 novum
1364 920 1403 959 in

95 976 259 1013 carmine
292 977 409 1013 nostro
443 976 650 1013 fabularum
687 975 872 1018 ordinem,
910 990 998 1026 quas
1026 978 1169 1017 Italicos
1186 981 1312 1029 mythos
1339 994 1405 1031 ap-

93 1037 223 1086 pelles,
248 1037 295 1074 ab
313 1037 438 1074 iisdem
466 1036 588 1086 priscis
608 1036 768 1086 populis,
807 1035 1048 1088 inprimisque
1075 1038 1122 1075 ab
1143 1040 1347 1079 Ausonibus
1367 1051 1405 1080 et

94 1096 384 1147 Aboriginibus,
399 1096 622 1147 procedere:
653 1095 763 1133 modo
783 1095 1065 1139 adolescentum,
1094 1098 1158 1148 qui
1174 1099 1406 1149 haeclegent,

92 1157 232 1194 animos
253 1171 297 1195 eo
319 1157 437 1194 adhuc
461 1154 743 1197 intenderimus,
778 1164 817 1191 ut
848 1156 1100 1208 Romanorum
1128 1157 1312 1208 originem
1330 1160 1404 1197 lin-

93 1228 248 1267 guaeque
271 1217 414 1254 Latinae
441 1217 577 1254 caussas
608 1215 670 1252 suo
688 1215 754 1264 ipfi
780 1212 924 1263 judicio
940 1229 986 1252 ex
1003 1216 1248 1266 superioribus
1267 1219 1404 1258 intelli-

93 1287 216 1326 gant:
263 1291 347 1315 cum
383 1276 545 1314 Romani
576 1276 807 1313 Albanorum
844 1275 969 1313 coloni
1001 1276 1152 1320 suerint,
1189 1292 1234 1315 ex
1266 1280 1404 1318 Abori-

92 1335 237 1386 ginum,
265 1339 334 1375 hoc
351 1338 400 1374 est
424 1337 624 1378 Ausonum,
656 1349 809 1386 genere,
840 1336 899 1373 sed
919 1351 1002 1374 cum
1024 1338 1200 1388 PelasgiS,
1227 1340 1404 1390 Trojanis

94 1408 138 1433 ac
164 1397 306 1436 Graecis
338 1396 469 1439 mixto,
504 1396 549 1433 ad
574 1394 854 1445 intelligendum
878 1395 916 1432 in
942 1409 1090 1446 promtu
1109 1399 1170 1442 est,
1198 1399 1402 1439 sermonem

92 1457 303 1494 Romanum
322 1471 343 1494 a
363 1456 506 1493 Latinis
534 1454 769 1505 inprimisque
789 1455 835 1491 ab
864 1455 1016 1493 Albanis
1043 1458 1267 1508 profestum,
1297 1472 1402 1498 com-

92 1530 240 1555 munem
267 1517 497 1566 eundemque
525 1529 609 1553 cum
637 1515 802 1552 sermone
822 1515 1027 1559 Ausonum,
1059 1517 1235 1569 hujusque
1261 1522 1402 1560 nonnifi

91 1576 286 1615 dialeEtum
303 1575 420 1619 fuisse,
447 1576 632 1613 excultam
652 1586 858 1624 temporum
879 1574 1050 1620 successu,
1082 1591 1167 1615 cum
1182 1589 1399 1620 caeterorum

92 1636 286 1674 Ausonicae
305 1636 421 1686 stirpis
452 1635 672 1685 populorum
690 1634 807 1671 sermo
825 1634 1013 1685 antiquam
1047 1636 1281 1686 asperitatem
1310 1641 1400 1678 reti-

91 1696 233 1734 nuiffet.
287 1696 462 1733 Habuere
493 1694 609 1744 igitur
636 1693 765 1744 populi
793 1693 931 1736 Italici,
959 1695 1081 1745 primo
1111 1696 1200 1734 ritus
1233 1712 1277 1736 ac
1311 1701 1400 1738 reli-

89 1756 235 1807 giones,
266 1756 306 1794 in
332 1755 456 1793 multis
485 1755 631 1806 quidem
652 1753 749 1791 haud
775 1753 988 1792 abludentes
1020 1769 1042 1792 a
1075 1757 1230 1801 Graecis,
1265 1770 1400 1799 caetera

89 1818 258 1868 proprias
278 1831 320 1856 ac
347 1816 560 1854 domesticas
578 1830 589 1859 ;
628 1814 836 1852 barbariem
856 1824 892 1851 et
920 1816 1106 1853 horridam
1126 1819 1342 1858 vetustatem
1360 1821 1400 1858 in

89 1876 136 1915 iis
160 1878 266 1915 facile
285 1875 476 1928 agnoscas,
502 1874 741 1926 inprimisque
761 1875 1043 1925 superstitiosum
1063 1877 1216 1915 deorum
1241 1891 1399 1924 metum,

89 1950 199 1988 quern
219 1937 301 1975 sane
328 1936 480 1986 injicere
512 1935 640 1973 animis
668 1945 837 1985 poterant
857 1949 1002 1986 magnae
1022 1950 1064 1974 ac
1094 1939 1232 1976 crebra:
1259 1951 1399 1979 naturae

88 1999 341 2036 conversiones
357 2007 395 2034 et
410 1995 701 2046 perturbationes
716 1996 754 2033 in
767 1995 823 2032 his
842 1996 931 2034 locis
952 2010 996 2034 ex
1016 1999 1236 2037 tremoribus
1253 2001 1332 2044 soli,
1352 2016 1398 2039 ex

89 2057 236 2109 ignibus
251 2057 507 2100 subterraneis,
527 2070 727 2107 eorumque
742 2056 946 2106 eruptione,
965 2072 1010 2096 ex
1025 2073 1202 2110 aquarum
1222 2063 1398 2112 stagnati-

88 2131 158 2156 one
186 2120 428 2170 silvarumque
446 2117 601 2155 vastitie.
656 2118 980 2168 Necyomanteum
1003 2120 1292 2160 Cimmeriorum
1318 2134 1399 2162 erat

86 2184 127 2221 in
145 2179 274 2217 finibus
304 2179 696 2229 anthropophagorum
725 2179 1007 2230 Laestrygonum
1023 2195 1034 2224 ;
1063 2181 1162 2219 sacra
1182 2183 1342 2221 humana
1359 2185 1397 2223 in

86 2239 176 2278 locis
208 2239 255 2276 ad
292 2238 476 2281 Tiberim,
515 2237 628 2275 Fauni
652 2239 801 2275 oracula
831 2239 1064 2277 incubatione
1095 2241 1133 2279 in
1163 2243 1399 2284 vifflmarum

87 2301 258 2340 caesarum
275 2300 430 2351 pellibus
449 2309 617 2350 accepta.
672 2300 872 2338 Habebam
891 2300 1005 2338 iidem
1024 2302 1164 2341 fabulas
1184 2314 1220 2341 et
1239 2308 1398 2344 narrati·

86 2374 174 2399 ones
193 2361 269 2398 suas
285 2375 305 2398 a
320 2360 519 2409 majoribus
537 2369 708 2410 acceptas
727 2360 832 2411 super
846 2361 992 2412 origine
1011 2363 1070 2401 sua
1090 2377 1132 2401 ac
1159 2364 1281 2415 primo
1310 2367 1396 2405 vitae

85 2421 201 2464 cultu,
220 2421 392 2471 symbolis
411 2421 486 2458 fere
506 2433 550 2457 ac
579 2419 786 2470 symbolicis
804 2421 963 2470 personis
995 2425 1189 2473 expressas,
1227 2425 1272 2462 ad
1305 2439 1394 2476 quas

87 2494 224 2532 magna
238 2495 322 2531 pars
338 2480 552 2518 Italicarum
572 2479 781 2517 fabularum
797 2481 907 2524 redit,
927 2493 1004 2520 tum
1024 2484 1129 2534 super
1143 2484 1395 2524 illustrioribus

85 2541 225 2593 aliquot
244 2541 332 2579 vi'ris
353 2542 411 2578 vel
427 2541 612 2583 heroibus,
644 2550 680 2577 et
701 2541 882 2578 nonnullis
902 2552 1040 2581 naturae
1059 2545 1196 2582 eventis
1217 2546 1393 2595 insignio-

88 2601 202 2645 ribus,
239 2601 299 2640 sed
319 2602 481 2642 fabuloso
499 2601 563 2639 illo
589 2601 763 2638 sermonis
783 2612 820 2638 et
839 2604 1060 2641 narrationis
1088 2618 1223 2655 genere
1257 2607 1395 2654 exponi

85 2661 235 2705 solitas;
278 2674 397 2712 neque
417 2666 611 2711 poetarum
631 2660 807 2711 ingeniis,
846 2672 885 2699 ut
917 2662 1012 2700 inter
1051 2664 1204 2702 Graecos
1240 2665 1392 2710 factum,

85 2720 266 2771 expolitas
293 2732 331 2759 et
357 2731 529 2765 ornatas3
575 2720 634 2758 sed
652 2720 727 2770 ipsa
753 2723 962 2771 argumenti
982 2723 1126 2761 tristitia
1146 2734 1206 2761 aut
1224 2725 1394 2764 foeditate

84 2780 278 2823 notabiles,
309 2791 348 2818 ut
377 2781 422 2819 de
451 2782 554 2833 Caco
583 2780 741 2818 latrone.
796 2781 925 2832 Itaque
953 2783 1076 2820 Italici
1103 2784 1223 2833 mytbi
1241 2785 1353 2837 longe
1371 2800 1393 2830 a

87 2840 228 2880 Graecae
258 2839 388 2880 fabulae
416 2841 594 2882 suavitate
615 2841 740 2880 absunt
762 2855 774 2887 3
818 2855 885 2881 nec
907 2842 1063 2882 varietas
1084 2854 1192 2895 grata
1224 2844 1323 2890 inest,
1355 2857 1394 2884 et

1273 2917 1392 2948 maror
