1847 3313
379 293 467 342 262
732 286 1238 338 EXCURSUS
1294 285 1342 332 II

378 430 418 458 ut
451 435 600 472 qua-que
630 435 714 472 gens
739 434 800 472 per
833 420 953 470 stirpes
982 428 1041 456 aut
1074 431 1134 469 per
1153 416 1308 454 familias
1327 413 1421 452 sedes
1439 413 1502 452 fibi
1522 412 1686 464 proprias

377 481 534 530 ccpiss'et,
563 481 611 517 ita
630 481 844 530 singularum
870 477 1031 528 stirpium
1049 487 1108 514 aut
1129 475 1347 512 familiarum
1366 473 1402 510 in
1423 486 1530 510 unum
1551 473 1681 509 collec-

378 550 495 577 tanim
525 551 585 577 aut
614 539 813 576 communis
839 537 928 574 sedis
946 550 986 573 ac
1006 535 1077 573 loci
1098 547 1227 571 nomen
1256 534 1292 570 in
1312 532 1479 569 notitiam
1499 531 1680 576 veniebat,

377 612 442 636 nec
474 600 608 649 semper
635 597 789 648 originis
821 609 903 633 cum
931 595 1009 632 aliis
1042 594 1209 645 gentibus
1239 590 1440 628 communis
1469 589 1682 628 memoriam

376 671 508 695 nomen
541 670 683 707 quoque
712 655 911 692 testabatur.
963 654 1089 703 Itaque
1109 652 1258 689 trafmm
1279 650 1380 687 illum
1399 649 1444 686 ab
1464 649 1617 699 Alpibus
1635 648 1682 685 ad

378 717 507 753 fretum
529 716 689 753 Siculum
718 715 916 763 porrefium
936 712 1080 749 nomine
1099 711 1219 760 aliquo
1247 708 1392 759 proprio
1418 707 1575 758 antiquis
1593 718 1682 745 tem-

379 775 526 826 poribus
561 774 749 812 innotuisse
779 773 905 810 frustra
939 770 1102 808 sumitur.
1157 768 1226 807 Sed
1254 768 1385 804 trafflus
1417 767 1536 816 hujus,
1571 776 1608 803 ut
1644 765 1683 804 in

378 834 461 871 aliis
487 834 589 871 terris
616 833 764 875 fufium,
794 846 842 869 eae
869 841 998 882 partes,
1029 835 1108 880 q'uae
1139 827 1262 879 primae
1289 826 1380 864 inter
1399 826 1550 876 reliquas
1569 839 1588 862 a
1605 826 1684 863 cul-

381 891 534 929 tioribus
552 893 710 943 populis,
737 890 890 928 Graeciae
906 890 1084 940 inprimis,
1109 885 1323 938 frequentari
1343 895 1537 936 coeperant,
1556 885 1682 935 primae

380 965 524 1002 quoque
551 952 696 989 nomine
729 951 851 1000 aliquo
882 949 1058 999 insignitae
1090 947 1191 991 sunt;
1225 960 1296 983 non
1317 955 1388 982 tam
1406 958 1465 989 eo,
1496 958 1568 994 quo
1585 945 1683 982 indi·

379 1024 480 1061 genae
499 1011 540 1048 ad
562 1011 657 1047 suam
686 1010 826 1060 stirpem
847 1017 906 1044 aut
934 1007 1010 1044 suas
1037 1006 1134 1043 sedes
1165 1003 1394 1042 declarandas
1421 1003 1512 1040 inter
1539 1003 1574 1040 se
1606 1013 1683 1040 ute-

381 1069 525 1114 bantur,
550 1084 656 1121 quam
676 1069 883 1120 plerumque
917 1080 1009 1103 novo
1038 1066 1083 1103 ab
1112 1064 1256 1102 advenis
1286 1063 1340 1100 his
1357 1064 1412 1100 vel
1429 1063 1687 1101 mercatoribus

380 1128 541 1173 invento,
568 1140 601 1165 et
622 1129 694 1166 fere
713 1127 757 1164 ab
777 1127 949 1163 attributo
968 1126 1092 1175 aliquo
1123 1124 1285 1160 locorum
1319 1123 1371 1159 vel
1402 1122 1543 1173 populi,
1575 1123 1631 1159 vel
1663 1137 1684 1161 a

380 1188 462 1225 casu
483 1190 536 1226 vel
567 1202 586 1225 a
614 1189 731 1238 primo
759 1199 855 1223 terrae
883 1185 999 1228 aditu,
1034 1184 1136 1228 urbe,
1166 1183 1429 1234 promontorio,
1459 1196 1478 1219 a
1511 1196 1603 1220 nova
1633 1196 1686 1228 re,

380 1261 487 1298 quaxn
516 1248 653 1291 vident,
680 1247 878 1297 accipiunt,
908 1246 1038 1295 petito,
1070 1244 1248 1280 interdum
1268 1243 1376 1279 etiam
1394 1256 1437 1279 ex
1458 1257 1545 1280 voce
1564 1242 1685 1292 aliqua

380 1307 632 1358 indigenarum
668 1316 809 1356 accepta
838 1316 871 1342 et
902 1305 946 1341 ad
977 1304 1054 1341 sues
1085 1304 1186 1340 sonos
1218 1303 1367 1339 deflexa.
1423 1303 1536 1353 Super
1555 1302 1688 1341 talibus

381 1368 503 1417 itaque
532 1368 745 1417 populorum
773 1376 834 1402 aut
862 1375 1032 1400 terrarum
1054 1362 1260 1399 nominibus
1278 1363 1380 1399 doeie
1406 1363 1552 1413 quidem
1574 1365 1687 1402 multa

381 1427 513 1476 aliquis
531 1426 688 1477 argutari
707 1424 830 1475 potest,
859 1423 917 1458 sed
935 1423 1142 1472 plerumque
1169 1420 1346 1465 inm-:item
1375 1422 1488 1458 multo
1519 1424 1631 1474 magis
1660 1425 1685 1463 fi
1717 1428 1720 1431 '

383 1486 570 1524 Phoenicia
598 1485 742 1522 nomina
771 1482 944 1532 expiscari
971 1491 1005 1517 et
1033 1482 1186 1517 enodare
1214 1480 1406 1525 volumus;
1437 1494 1509 1531 quo
1538 1483 1687 1532 quidem

381 1558 511 1598 genere
548 1544 639 1582 nihil
674 1543 766 1584 vidi,
800 1541 897 1592 quod
936 1539 1047 1590 magis
1076 1540 1156 1577 esset
1193 1538 1384 1576 lubricum.
1456 1540 1510 1577 Ita
1542 1556 1687 1593 quoque

382 1606 530 1644 nomina
559 1603 670 1647 varia,
699 1615 777 1652 quae
795 1600 908 1638 Italiae
926 1599 1015 1637 olim
1034 1600 1150 1636 indita
1183 1609 1439 1643 memorantur,
1465 1601 1620 1651 primum
1641 1605 1687 1642 ad

383 1667 537 1716 singulos
563 1667 702 1700 tantum
734 1661 879 1698 diversis
899 1660 933 1696 in
961 1659 1118 1709 partibus
1153 1661 1281 1695 metus
1316 1669 1353 1694 ut
1382 1673 1485 1709 agros
1516 1661 1690 1712 spectant,

383 1739 470 1778 quos
488 1724 634 1776 quidem
656 1721 777 1759 Graeci
797 1721 952 1772 primum
972 1719 1134 1756 adierunt
1163 1719 1216 1754 vel
1235 1717 1387 1754 coloniis
1406 1719 1686 1771 frequentarunt.

382 1785 587 1822 Commune
606 1795 732 1820 nomen
753 1795 795 1818 ne
817 1780 978 1829 Scylaeis
1004 1779 1150 1828 quidem
1186 1791 1263 1814 aexo
1293 1777 1553 1828 frequentatum
1591 1782 1661 1820 fuit
1676 1799 1690 1828 ;

385 1859 466 1884 nam
487 1845 516 1882 is
546 1844 582 1881 in
603 1843 744 1894 periplo
764 1842 929 1892 Ligures,
956 1840 1179 1888 Tyrrhenos,
1209 1839 1373 1884 Latinos,
1394 1840 1557 1886 Volscos,
1577 1844 1688 1882 Cam-

384 1918 508 1955 panos,
537 1903 728 1947 Samnites,
757 1902 935 1944 Lucanos,
968 1899 1133 1950 Iapyges,
1164 1898 1355 1940 Daunitas,
1380 1900 1552 1944 Umbros,
1590 1903 1687 1951 Tyr-

384 1963 512 2001 rhenos
530 1962 573 1999 ad
594 1962 745 1998 Adriani
764 1970 935 1998 memorat
953 1975 963 2004 ;
992 1960 1125 1995 nullam
1146 1957 1285 1994 Italiam
1306 1958 1482 1997 meminit.
1536 1961 1689 1999 Dauniae

384 2036 531 2065 nomen,
560 2036 631 2072 quo
652 2020 775 2059 Graeci
806 2025 938 2072 poerae,
968 2029 1002 2055 et
1033 2031 1155 2055 eorum
1174 2018 1337 2067 exemplo
1357 2018 1549 2063 Horatius,
1578 2031 1690 2061 totam

385 2083 527 2120 Italiam
547 2082 747 2132 designant,
765 2085 870 2132 poeta
893 2081 1006 2117 noster
1037 2091 1130 2115 nunc
1162 2091 1232 2115 non
1253 2079 1563 2118 commemoravit.
1617 2081 1691 2132 Ly·

384 2143 547 2193 cophron
566 2155 599 2179 v,
627 2154 722 2191 ¹²54
744 2141 897 2177 Romam
918 2138 1101 2177 conditam
1123 2137 1172 2174 ait
1206 2141 1284 2187 ὑπὲξ
1316 2140 1459 2176 Asa-rivers
1487 2143 1627 2178 Δαυνιές
1654 2144 1690 2180 τ’

385 2206 573 2249 οἰκημένην.
629 2201 748 2253 Qam
768 2200 930 2238 omnium
959 2199 1111 2249 primam
1143 2198 1308 2235 adierunt
1343 2197 1479 2250 Pelasgi
1499 2212 1534 2237 et
1553 2201 1692 2248 Graeci,

385 2263 505 2301 Italia>
538 2262 607 2298 fuit
639 2277 696 2299 ora
729 2264 878 2311 i.⁷fi·t·ior.
932 2260 974 2296 In
1007 2260 1071 2295 hac
1107 2271 1250 2308 quoque
1282 2267 1381 2306 parte
1411 2258 1525 2297 Italiae
1560 2275 1691 2301 nomen

385 2322 542 2373 primum
578 2321 757 2363 auditum,
791 2330 825 2355 et
856 2319 1002 2369 quidem
1039 2332 1057 2354 a
1090 2316 1230 2354 Graecis
1272 2317 1363 2353 illud
1409 2317 1613 2368 impositum
1645 2335 1690 2360 ex

386 2384 501 2421 cauffa
531 2383 690 2425 incertam
719 2381 835 2417 eidem
871 2380 936 2417 soli
969 2378 1096 2416 traRui
1129 2392 1190 2428 per
1225 2378 1377 2414 multum
1407 2388 1543 2429 tempus
1562 2395 1692 2423 nomen

385 2443 546 2486 adhaefit,
585 2442 699 2478 donec
742 2440 787 2476 ad
821 2439 954 2477 vicinas
999 2439 1087 2475 alias
1120 2438 1274 2488 aliasque
1317 2447 1425 2474 terras
1458 2441 1689 2489 proferretur.

388 2503 592 2545 OEnotriam,
618 2500 641 2537 fi
666 2499 808 2550 proprie
825 2500 938 2542 dicas,
955 2500 999 2536 ad
1019 2499 1088 2535 sola
1109 2499 1182 2534 loca
1204 2498 1293 2534 finni
1321 2497 1510 2535 Lametico
1528 2501 1693 2551 adjacen-

387 2564 437 2601 tia
457 2564 521 2601 effe
553 2561 751 2598 revocanda
767 2576 803 2605 n,
834 2571 869 2597 et
893 2560 1037 2599 Italiam
1057 2573 1139 2596 mox
1159 2560 1196 2595 in
1215 2559 1289 2608 ejus
1308 2558 1462 2595 nominis
1482 2560 1595 2598 vicem
1614 2563 1691 2601 suc-

387 2624 526 2665 ceffiss'e,
552 2621 624 2658 alio
642 2622 722 2657 ioco
743 2620 911 2658 vidimus.
943 2621 1016 2657 vid.
1045 2619 1199 2656 Excurs.
1233 2617 1334 2654 XXI
1352 2619 1398 2655 ad
1431 2619 1494 2657 lib.
1525 2621 1571 2666 13
1599 2624 1695 2660 adde

390 2682 564 2731 Tbucyd.
601 2680 675 2723 VJ,
710 2693 744 2718 2.
786 2680 935 2717 Aristot.
968 2681 1013 2716 de
1046 2693 1121 2729 rep.
1157 2678 1247 2722 VII,
1288 2691 1345 2716 10.
1411 2679 1525 2717 Italiae
1559 2696 1692 2723 nomen

388 2743 505 2780 adhuc
535 2741 581 2779 ab
614 2740 804 2779 Herodoto
835 2741 879 2778 ad
910 2740 1120 2778 inferiorem
1151 2749 1287 2794 partem
1314 2734 1524 2787 revocatur;
1554 2742 1690 2793 reliqua

1629 2816 1693 2854 pet
