1847 3313
391 256 509 304 AD
565 254 942 302 LIBRUM
989 255 1124 305 vm.
1317 260 1408 325 267

104 390 261 428 nominis
279 388 420 440 antiqui
450 385 670 425 Rasenarurn
695 385 753 422 vel
786 382 1068 426 Turasenarum,
1104 382 1312 434 depravatio
1346 396 1408 433 per

106 450 255 487 Graecos
271 449 308 486 in
326 461 452 485 vocem
482 450 655 496 Τυςτηνῶν,
675 447 843 494 Τυῤῥηνῶν,
875 444 974 494 quod
989 445 1101 481 modo
1118 457 1138 480 a
1166 446 1299 495 τὺςσεσι
1333 453 1410 479 tur-

103 509 202 546 ribus
232 507 426 551 ducebant,
464 508 573 544 modo
592 519 612 542 a
643 504 836 555 Tyrrheno
861 503 1000 553 aliquO,
1028 502 1091 554 qui
1118 502 1271 540 coloniae
1288 501 1413 539 auctor

103 568 233 608 fuisset.
287 566 371 616 jam
392 567 429 603 in
459 565 585 617 priscis
614 564 804 614 Lydorum
824 563 956 601 fabulis
973 563 1185 600 occurrebat
1202 562 1414 612 Tyrrhenus

102 630 223 678 Atyos
241 629 334 665 filius
348 637 383 664 et
397 627 521 663 Manis
539 639 671 676 nepos;
699 626 797 662 hunc
817 624 938 674 itaque
958 624 1159 673 Tyrrhenis
1176 624 1234 661 seu
1253 622 1414 661 Etruscis

105 701 235 725 nomen
263 686 468 737 impertiisse
487 686 642 722 deducta
672 698 716 722 ex
746 684 865 733 Lydia
899 684 1044 721 colonia
1076 695 1212 721 mature
1238 684 1413 722 traditum

102 746 176 784 fuit
195 746 426 788 anonnullis,
459 758 550 797 qnos
578 745 789 782 Herodotus
819 743 980 794 sequitur
1000 743 1065 782 lib.
1098 744 1131 788 I,
1161 757 1226 793 94,
1251 753 1349 781 etex
1366 755 1411 780 eo

103 807 233 844 Strabo
251 805 304 850 V,
330 820 367 857 p.
400 819 487 857 335.
521 805 609 854 336,
637 814 672 841 et
706 803 860 852 Dionys.
896 803 928 846 Ι,
966 817 1028 854 27.
1074 803 1206 842 Vellei.
1238 803 1271 847 I,
1307 817 1342 847 1,
1370 815 1411 852 4.

103 865 227 904 Tacit.
256 867 357 904 Ann.
379 865 449 908 IV,
474 878 536 916 55,
563 863 730 915 inprimis
749 864 932 914 Lycophr.
958 877 1069 915 ¹351·
1100 876 1212 915 1359·
1266 862 1412 912 Diony·

101 923 170 962 slus
188 936 222 962 et
239 925 330 962 illud
361 923 480 967 addit,
514 923 657 960 variasse
675 922 764 959 alios
783 933 818 959 et
836 932 996 973 tempora
1015 934 1048 959 et
1065 923 1244 967 homines,
1271 931 1306 958 et
1325 934 1411 960 vero

99 985 210 1021 etiarn
229 984 403 1035 sapienter
426 992 573 1019 monet:
604 996 624 1019 a
648 981 799 1019 Xantho
821 981 943 1031 Lydo,
971 982 1035 1031 qui
1055 981 1206 1032 patriam
1225 980 1410 1019 historiam

100 1044 369 1095 conscripserat,
408 1055 428 1078 a
460 1055 532 1092 quo
563 1043 652 1079 adeo
687 1042 794 1078 unice
823 1043 889 1078 hac
923 1042 961 1078 in
981 1054 1019 1079 re
1048 1041 1208 1079 standum
1225 1051 1318 1084 erat,
1344 1053 1411 1078 nec

100 1102 330 1151 Tyrrhenum
350 1101 497 1151 usquam
514 1100 718 1143 memorari,
739 1113 802 1137 nec
818 1099 1004 1136 Maeonum
1016 1100 1197 1137 coloniam
1213 1100 1252 1137 in
1267 1099 1410 1137 Italiam

99 1162 318 1199 dedufiam:
359 1161 478 1209 Atyos
500 1172 584 1197 vero
614 1159 707 1196 filios
741 1159 885 1208 Lydum
904 1169 939 1195 et
973 1158 1192 1202 Torrhebum,
1229 1159 1285 1196 vel
1315 1159 1410 1196 forte

100 1221 324 1275 errhebzzm,
354 1220 544 1270 depravata
574 1219 668 1256 forte
700 1218 890 1269 scriptura,
908 1212 1030 1267 'quarn
1059 1218 1189 1268 aliquis
1220 1219 1259 1256 in
1288 1229 1410 1257 vetere

99 1280 244 1319 Xanthi
274 1278 401 1316 codice
428 1278 641 1322 offenderat,
679 1280 838 1327 Τὺῤῥηβον
873 1277 929 1314 vel
965 1279 1120 1326 Τόρῤηβον
1155 1291 1220 1327 pro
1249 1279 1410 1327 Τύῤῥηνον.

98 1340 156 1378 Ex
176 1340 289 1391 prisca
309 1338 533 1388 Pelasgorum
549 1339 650 1388 stirpe
669 1338 842 1388 populum
861 1336 960 1373 fuisse
978 1337 1203 1386 Tyrrhenos,
1219 1337 1283 1388 qui
1299 1338 1411 1389 usque

97 1402 142 1440 ad
162 1400 291 1437 seriora
306 1409 466 1448 tempora
486 1397 678 1441 Lemnum,
708 1397 870 1434 Imbrum
889 1396 1028 1446 aliaque
1053 1396 1173 1434 vicina
1190 1398 1412 1436 continentis

97 1473 240 1511 quoque
259 1460 338 1496 loca
366 1457 582 1500 insederant,
614 1456 773 1494 dubitari
792 1456 930 1506 nequit.
985 1455 1107 1493 Etiam
1141 1457 1206 1494 hos
1229 1457 1272 1494 ad
1308 1458 1409 1507 Tyr-

96 1522 225 1559 rhenos
240 1519 354 1556 Italiae
372 1519 569 1556 retulerunt
588 1517 795 1567 scriptoreS,
821 1516 977 1553 nominis
997 1516 1230 1554 similitudine
1248 1517 1407 1567 decepti,

95 1582 155 1619 sed
177 1578 329 1627 Dionys.
349 1577 380 1620 1,
405 1591 448 1627 ῖς
469 1590 546 1613 eam
566 1577 739 1613 rationem
759 1577 858 1620 iniit,
883 1587 920 1612 ut
937 1589 995 1613 eos
1013 1589 1057 1612 ex
1077 1576 1122 1613 iis
1142 1576 1224 1626 ipsis
1253 1575 1409 1628 Pelasgis

97 1637 196 1679 fuisse
214 1640 366 1682 d'ceret‚
386 1637 450 1688 qui
467 1637 610 1674 Italiam
628 1637 829 1674 insederant
848 1636 1047 1686 antiquitus
1066 1649 1223 1687 moxque
1248 1637 1287 1673 in
1305 1650 1409 1675 com-

99 1701 198 1740 muni
217 1699 335 1750 gentis
355 1699 458 1736 clade
482 1698 567 1734 inde
596 1698 842 1734 discesserant:
873 1697 1045 1746 accepisse
1073 1710 1217 1741 nomen,
1251 1698 1349 1748 quod
1367 1698 1408 1739 in

96 1760 369 1810 Tyrrhenorum
389 1756 520 1794 finibus
539 1756 783 1793 consederant.
839 1754 978 1792 Verum
1011 1756 1085 1793 haec
1123 1755 1289 1805 Dionysii
1320 1770 1408 1796 con-

90 1821 257 1874 jemna,
284 1830 357 1853 non
390 1815 546 1852 narratio
571 1815 710 1866 antiqui
729 1814 913 1866 scriptoris
945 1814 1015 1851 fide
1033 1824 1193 1866 accepta,
1228 1816 1291 1859 est,
1325 1829 1407 1867 quae

95 1881 187 1920 adeo
206 1892 268 1930 pro
297 1877 412 1914 fundo
431 1876 586 1914 historiae
604 1889 623 1912 a
644 1876 728 1913 viris
755 1876 872 1913 (106115
889 1873 1013 1912 haberi
1044 1889 1117 1913 non
1147 1875 1316 1922 debebat,
1349 1878 1406 1919 uti

95 1941 208 1980 multa
236 1937 321 1980 alia,
347 1950 425 1986 quae
443 1936 481 1972 in
501 1936 571 1973 hoc
595 1935 714 1986 primo
744 1936 840 1974 libro
861 1934 1057 1984 Dionysius
1077 1935 1259 1973 manifeste
1287 1952 1351 1974 non
1365 1949 1405 1977 ue

94 1989 247 2039 narrata⁵
267 2010 391 2034 verum
416 2002 552 2046 opinata
586 1996 747 2046 apponit.
801 1995 972 2044 Myrsilus
992 1994 1139 2032 Lesbius
1157 2005 1193 2033 et
1210 1995 1285 2046 ipse
1304 1996 1409 2045 Tyr..

95 2061 224 2100 rhenos
241 2057 345 2094 Italia
362 2056 484 2093 relicta
502 2055 680 2092 erroribus
695 2056 844 2105 jastatos
857 2054 1055 2091 tradiderat
1076 2055 1186 2105 (apud
1202 2054 1356 2105 Dionys.
1368 2054 1402 2100 Ι,

93 2123 177 2168 28),
206 2119 265 2156 sed
281 2118 437 2167 ineptam
457 2117 697 2153 narrationem
717 2116 761 2152 de
779 2115 841 2152 suo
860 2113 977 2158 assuit,
993 2113 1038 2150 ab
1057 2114 1113 2151 his
1128 2114 1209 2165 ipsis
1222 2114 1402 2155 erroribus

93 2193 156 2218 eos
188 2190 261 2215 tum
292 2176 483 2225 Πελας-Ὑὲς,
511 2182 662 2218 ciconias,
691 2175 767 2213 dici
799 2175 952 2225 coepiffe.
1007 2174 1148 2210 Contra
1183 2174 1403 2220 Anticlides,

94 2254 167 2279 non
187 2237 361 2293 ignobilis
380 2236 548 2286 scriptor,
577 2235 756 2286 Pelasgos,
785 2235 922 2272 Lemno
940 2245 975 2271 et
994 2233 1120 2271 Imbro
1148 2233 1245 2284 prius
1271 2235 1404 2274 consti-

94 2310 187 2344 tuta,
214 2312 295 2337 cum
315 2297 525 2347 Tyrrheno,
554 2297 663 2346 Atyis
690 2297 736 2340 f„
753 2297 790 2334 in
818 2295 960 2332 Italiam
976 2295 1191 2332 contendisse
1206 2296 1403 2335 tradiderat

94 2376 151 2412 ap.
168 2359 283 2397 Strab.
303 2357 367 2396 lib.
391 2356 440 2394 V.
461 2370 495 2407 p.
527 2370 599 2407 339
621 2358 673 2399 A,
692 2369 770 2405 quae
784 2355 891 2392 variae
908 2355 988 2392 sunt
1012 2363 1171 2391 veterum
1186 2353 1402 2405 scriptorum

94 2417 377 2477 periclitationes
394 2416 429 2452 in
443 2427 560 2453 vetere
574 2417 670 2452 fama
687 2430 768 2452 cum
786 2429 901 2452 rerum
918 2414 1068 2452 aliarum
1084 2414 1284 2452 rationibus
1301 2428 1404 2454 com..

94 2482 272 2534 ponenda.
329 2478 544 2517 Hellanicus
563 2477 600 2514 in
622 2477 840 2520 Phoronide,
861 2477 1118 2526 antiquiffimus
1137 2475 1306 2526 scriptor,
1335 2479 1403 2516 Pe-

95 2544 228 2592 lasgos,
255 2539 437 2590 postquam
453 2537 490 2574 in
509 2537 620 2574 smum
644 2536 874 2573 Adriaticum
896 2536 1029 2587 appulsi
1044 2536 1080 2572 in
1101 2535 1270 2573 interiora
1288 2537 1403 2576 ltaliae

96 2601 360 2651 immigraranr,
376 2607 578 2634 narraverat
598 2597 840 2645 Tyrrheniam
858 2596 1052 2633 condidiffe
1078 2595 1250 2646 (Dionys.
1263 2597 1296 2641 Ι,
1313 2602 1376 2646 28)
1391 2618 1402 2648 3

97 2661 159 2711 qui
177 2674 218 2697 ex
236 2669 333 2709 parte
352 2671 473 2695 verum
496 2657 679 2693 tradidisse
697 2657 814 2694 videri
832 2656 940 2693 debet
959 2668 968 2693 ε
997 2656 1082 2692 item
1098 2655 1273 2703 Scymnus
1286 2656 1404 2696 Chius

95 2721 133 2759 in
151 2719 289 2769 Perieg.
319 2720 391 2756 218
420 2719 530 2756 Κοινῆν
553 2717 583 2754 δὲ
616 2719 792 2765 Τυῤῥηνοῖσι
820 2719 936 2766 >gs-gau
961 2717 1140 2762 νεμόμενοιῑ
1170 2713 1217 2750 sC.
1249 2714 1402 2768 Pelasgi,

93 2781 159 2835 qui
177 2788 295 2817 tamen
314 2776 462 2828 subjicit
479 2777 565 2819 alia,
595 2790 675 2828 quae
688 2787 834 2814 erronea
855 2775 946 2815 sunt.
1001 2773 1074 2811 Etsi
1100 2774 1212 2817 enim,
1233 2773 1404 2814 Etrusco-

247 2850 268 2887 3
1323 2848 1405 2876 rum
