1847 3313
362 321 456 383 676
553 316 609 364 P.
658 308 1037 362 VIRGILII
1092 305 1486 355 MARONIS

364 448 555 496 Turnus
579 449 638 496 ad
664 450 765 497 haec
787 468 797 496 ε
1587 442 1677 504 63ῐ

367 535 413 586 O
431 538 575 598 soror,
592 552 635 586 et
653 540 851 598 dudum,
873 538 1098 603 adgnovi,
1122 553 1234 585 cum
1253 537 1408 600 prima
1424 551 1508 600 per
1531 546 1685 582 artem

366 633 570 682 Foedera
592 633 804 689 turbasti,
827 645 967 696 teque
991 634 1095 678 haec
1123 631 1170 677 in
1193 630 1317 677 bella
1341 629 1542 683 dedisti;

367 727 434 776 Et
452 741 574 774 nunc
595 726 920 790 nequidquam
947 725 1069 771 fallis
1093 724 1178 771 dea
1199 747 1212 778 ς
1247 723 1323 770 sed
1344 722 1450 786 quis
1472 721 1688 784 Olympo

370 819 635 868 Demiflhm
659 832 811 866 tantos
832 819 984 880 voluit
1007 830 1053 864 te
1072 816 1192 864 ferre
1211 813 1425 862 labores?
1594 813 1652 873 63
1662 826 1684 875 5

373 911 450 957 An
476 909 629 957 fratris
653 909 808 956 miseri
826 909 975 955 letum
996 919 1046 954 ut
1065 904 1255 953 crudele
1279 901 1495 950 videres?

373 1001 503 1049 Nam
527 1001 643 1065 qnid
661 1001 784 1065 ago?
820 1012 901 1048 aut
918 1014 1026 1063 quae
1042 997 1145 1063 jam
1167 994 1369 1059 spondet
1388 994 1595 1042 Fortuna
1618 993 1692 1043 sa·-

569 1090 750 1138 lutem?

379 1187 495 1235 Vidi
520 1187 680 1235 oculos
705 1195 812 1231 ante
836 1182 931 1246 ipsc
957 1198 1102 1239 meos,
1126 1197 1204 1229 me
1225 1195 1343 1227 voce
1361 1191 1630 1237 vocantem,

381 1283 683 1345 NIurranum,
704 1292 801 1341 quo
825 1291 920 1322 non
940 1273 1124 1337 superat
1149 1273 1270 1319 mihi
1290 1272 1444 1319 carior
1467 1272 1599 1329 alter,
1645 1262 1648 1265 ⁵

426 1433 502 1471 631.
524 1432 640 1463 ‘Turnus
666 1429 705 1460 ad
729 1429 803 1460 haec.
860 1425 985 1457 Desunt
1010 1424 1080 1456 haec
1108 1423 1194 1455 Gud.
1228 1429 1260 1454 et
1289 1423 1365 1455 Exc.
1401 1424 1515 1454 Burm.

384 1484 476 1516 Leid.
496 1481 636 1524 supplet:
660 1479 760 1511 humili
776 1478 915 1522 respondet
938 1477 1008 1508 talia
1023 1487 1100 1507 voce.

386 1543 419 1566 et
450 1541 526 1564 tert.
568 1531 711 1572 Vulgata
734 1528 940 1571 accipienda:
965 1530 988 1558 0
1003 1526 1081 1571 soror
1104 1526 1223 1568 agnovi,
1249 1533 1274 1555 et
1300 1524 1406 1556 dudum
1431 1525 1553 1567 quidem,
1584 1536 1610 1556 c.

386 1586 463 1625 633.
496 1595 582 1627 atque
610 1584 671 1613 haec
699 1581 836 1612 Oudart.
929 1578 1002 1618 635.
1038 1575 1215 1618 Praemffzm
1241 1577 1369 1617 Hugen.
1409 1576 1543 1619 perferre
1566 1583 1704 1617 quatuor

384 1638 498 1668 Burm.
532 1642 564 1666 et
590 1633 689 1663 Goth.
721 1639 796 1664 tert.
827 1642 900 1662 cum
926 1631 1022 1661 Pom.
1028 1627 1190 1667 ——636.
1215 1627 1285 1670 miſse)
1287 1627 1431 1670 ifratris
1447 1626 1530 1669 apud
1557 1627 1702 1659 Macrob.

388 1691 448 1726 IV,
471 1684 665 1723 2.7.-—‘(›3
689 1685 770 1714 Nam
795 1682 866 1725 quid
879 1683 956 1723 ego?
982 1678 1141 1711 Montalb.
1162 1689 1213 1720 pr.
1243 1677 1364 1708 Hamb.
1393 1688 1472 1709 am.
1500 1677 1577 1715 sec„
1601 1677 1706 1719 ficque

389 1741 448 1773 Ed.
468 1741 504 1769 P.
523 1735 683 1773 Danieli53
710 1742 740 1765 et
755 1733 879 1775 placere
906 1732 1019 1775 potest.
1065 1728 1118 1762 Cf.
1138 1737 1246 1761 tamen
1263 1730 1308 1766 X,
1337 1728 1411 1768 675.
1458 1737 1509 1760 aut
1535 1741 1618 1769 quam
1639 1729 1706 1770 jam

389 1789 531 1823 Mentel.
556 1799 574 1818 a
603 1798 647 1819 m.
675 1786 733 1817 sec.
770 1785 884 1828 spondit
917 1783 1005 1814 Gud.
1049 1780 1169 1825 spondet
1192 1779 1258 1820 jam
1289 1778 1428 1810 Dorvill.
1456 1786 1498 1810 et'
1520 1779 1621 1811 Goth.
1655 1791 1706 1822 pr.

389 1843 496 1874 Totus
535 1838 643 1870 versus
683 1837 791 1868 deerat
829 1834 943 1877 Regio.
1036 1832 1110 1872 638.
1142 1832 1244 1877 oculos*
1274 1832 1328 1875 ipse
1362 1840 1428 1862 ame
1470 1843 1538 1862 meos
1578 1831 1708 1864 Zulich.

387 1895 474 1926 oculis
496 1894 559 1923 meis
583 1888 714 1931 quidam
726 1886 802 1917 editi
820 1885 904 1927 apud
930 1883 1088 1927 Qinefil.
1100 1883 1159 1920 IX,
1179 1892 1254 1923 3‚p.
1272 1882 1347 1919 812,
1360 1892 1424 1922 quo
1441 1883 1642 1914 Burmannus
1657 1894 1710 1914 re-

392 1944 495 1978 mittit
511 1943 602 1983 super
618 1940 677 1970 hoc
691 1937 843 1978 loquendi
858 1934 1150 1978 genere.——-639.
1177 1933 1252 1976 quod
1267 1934 1351 1974 Reg.
1400 1934 1567 1976 nonfuerat
1582 1934 1708 1966 Medic.

394 2010 411 2029 a
425 2007 467 2027 m,
486 2004 532 2036 pr.
548 2000 578 2023 et
594 2001 666 2032 pars
684 1988 775 2019 codd.
792 1999 843 2030 ap.
859 1988 970 2018 Burm.
986 1996 1060 2017 cum
1078 1984 1179 2017 Goth.
1197 1984 1258 2018 sec.
1304 1983 1447 2026 Vulgare
1463 1995 1523 2027 pro
1541 1984 1704 2019 ἀοόὶὶοι-ςς

392 2049 508 2091 superat
523 2053 582 2087 pro
599 2041 652 2073 est.
671 2039 711 2071 cf.
731 2041 789 2078 ΙΙΙ,
809 2048 872 2080 339
890 2045 921 2069 et
938 2037 979 2068 al.

1575 1422 1700 1454 Contra

397 2166 495 2195 rum,
523 2151 559 2188 h.
593 2147 778 2186 caesornm.
831 2146 886 2184 Ita
906 2143 1023 2182 Servii

397 2201 648 2253 interpretatio
702 2200 820 2236 lucem
874 2197 1021 2246 accipit.

401 2255 538 2292 Durius
573 2254 675 2290 ess'et:
718 2255 817 2302 ⁷²¹·f·
848 2249 1023 2287 immitta-

399 2321 480 2345 mus
499 2316 644 2344 mortes.

1087 2155 1194 2195 quem
1231 2155 1439 2193 comparare
1455 2143 1583 2186 solent,
1601 2139 1711 2181 Iliad.

1088 2215 1119 2240 ε,
1139 2199 1228 2247 815.
1286 2198 1372 2243 634
1389 2195 1510 2246 sallis,
1524 2194 1712 2239 λανῧάνεις,

1088 2246 1198 2285 latere
1231 2245 1297 2283 vis.
1353 2246 1399 2295 63
1385 2250 1441 2284 38.
1471 2246 1562 2285 Non
1598 2260 1714 2297 repre-

1090 2297 1715 2344 hendendumerataGrammaticis,

1192 1473 1267 1514 632,
1294 1476 1317 1505 0
1334 1474 1422 1516 fivvr,
1436 1486 1459 1505 o.
1477 1474 1508 1507 d.
1527 1473 1629 1505 Goth.
1645 1483 1697 1515 pr.

456 2360 502 2406 63
512 2372 544 2395 2.
575 2356 663 2393 Non
678 2354 725 2392 est
740 2352 1026 2402 acerbeapoeta

401 2409 639 2460 exigendum,
647 2413 903 2456 utargumenta
916 2417 1026 2454 expo-

404 2472 466 2499 nat
464 2442 536 2498 odi
541 2460 643 2501 ferte,
678 2458 809 2507 quibus
838 2455 1026 2506 agnoverit

404 2513 443 2549 ⁷]
446 2511 670 2550 urnusdeam
690 2509 860 2546 sororem.
884 2506 1028 2543 Sufficit

404 2563 554 2602 exenifl'e
586 2561 700 2599 multa
730 2560 920 2609 inopinato
943 2567 979 2594 et
1008 2571 1030 2594 a

405 2615 526 2654 cauffis
544 2611 703 2651 obscuris
735 2611 819 2647 inde
850 2623 921 2646 av.
955 2622 1026 2659 ης

406 2667 506 2716 seqq.
547 2663 665 2701 Potuit
685 2674 829 2719 quoque
847 2661 883 2698 in
900 2660 1029 2697 habitu

408 2719 465 2755 vel
485 2727 588 2754 motu
609 2727 770 2764 corpons
789 2713 929 2762 aliquid
948 2712 1029 2756 effe,

409 2768 509 2819 quod
534 2769 636 2804 deam
666 2775 846 2815 argueret
875 2763 923 2800 cf.
952 2763 1030 2813 sup.

411 2820 504 2858 Exc.
550 2818 649 2856 XIII
681 2827 774 2854 extr.
815 2816 860 2852 ad
896 2813 962 2852 lib.
998 2815 1031 2851 Ι.

414 2871 592 2913 Similiter
610 2883 663 2910 res
679 2869 714 2910 se
732 2867 838 2907 habet
866 2867 905 2906 in
931 2866 1034 2910 Ioco,

1090 2350 1130 2388 in
1158 2349 1414 2406 superioribus,
1440 2351 1501 2388 vff.
1531 2362 1604 2401 5¹29
1636 2351 1714 2401 sqq.

1092 2400 1262 2439 Murrani
1291 2401 1386 2438 caede
1405 2411 1544 2438 narrata
1561 2414 1633 2438 non
1651 2403 1716 2438 ad-

1088 2453 1224 2503 jeftum
1256 2453 1322 2490 effe
1353 2452 1438 2497 hoc,
1469 2453 1570 2502 quod
1597 2452 1718 2490 Turni

1093 2515 1176 2541 ante
1194 2503 1318 2541 oculos
1333 2503 1480 2553 ejusque
1495 2504 1644 2541 nomine
1661 2505 1720 2541 in-

1092 2564 1225 2593 vocato
1268 2569 1311 2592 ea
1356 2555 1448 2592 fausta
1489 2557 1549 2593 est.
1604 2555 1720 2593 Potest

1095 2607 1223 2656 utique
1241 2611 1348 2656 poeta
1365 2619 1460 2643 nunc
1475 2606 1567 2644 illud
1585 2606 1720 2644 fastum

1096 2659 1251 2708 fingere,
1276 2667 1311 2694 et
1343 2657 1552 2708 phantasma
1569 2659 1617 2695 est
1636 2671 1723 2708 prae-

1098 2711 1254 2751 clarum,
1292 2709 1392 2758 quod
1429 2709 1552 2747 animo
1584 2709 1724 2747 Teucri

1099 2760 1330 2798 obversatum
1357 2760 1434 2798 dici
1452 2769 1608 2812 poterat.
1661 2761 1724 2798 Sic

1097 2813 1176 2863 sup.
1196 2811 1377 2899 1V‚4§0.
1397 2814 1467 2862 461
1487 2813 1533 2850 de
1551 2811 1725 2858 Didone3

1097 2874 1134 2903 et
1165 2863 1256 2916 saepe
1284 2863 1348 2901 alii
1364 2869 1496 2916 po'etae.
1548 2862 1726 2901 ornatius

1309 2928 1331 2967 ς
1605 2923 1727 2954 autem
