1847 3313
338 286 429 331 402

534 267 587 315 P.
645 261 1026 314 VIRGILII
1084 257 1471 310 MARONIS

340 402 551 451 Inminet
576 397 661 444 Ida
680 396 830 458 super,
854 393 1069 457 profugis
1092 392 1347 456 gratissima
1369 392 1583 439 Teucris.

345 492 446 539 Hic
472 505 670 553 magnus
694 487 818 535 sedet
843 485 1030 540 AEneas,
1055 484 1305 545 secumque
1323 484 1504 529 volutat

346 583 559 630 Eventus
583 578 697 625 belli
722 576 871 622 varios
893 599 903 629 ;
940 573 1182 636 Pallasque
1206 573 1385 620 finistro

1566 570 1658 618 160

350 675 554 722 Adfixus
579 669 711 716 lateri
728 667 832 731 jam
849 666 1020 728 quaerit
1038 665 1201 720 sidera,
1224 680 1389 727 opacae

358 756 520 804 Noc‘lis
545 752 768 817 iter,jam
791 765 898 814 quae
924 749 1072 814 passus
1098 761 1312 811 terraque
1338 749 1564 810 marique.

421 845 617 894 Pandite
635 860 759 891 nunc
775 841 1025 897 Helicona,
1046 840 1165 896 dcae,
1180 838 1434 901 cantusque
1450 849 1664 891 movete;

359 939 485 1002 Qae
511 953 676 984 manus
704 936 879 981 interea
896 930 1062 978 Tuscis
1087 931 1343 977 comitetur
1365 929 1424 975 ab
1448 927 1541 974 oris

363 1026 560 1081 AEnean‚
582 1036 825 1084 armetque
844 1031 982 1076 rateS,
1025 1017 1290 1082 pelagoque
1314 1017 1519 1063 vehatur.
1582 1016 1666 1077 165

430 1112 652 1161 Massicus
678 1121 820 1156 cerata
844 1106 1064 1169 princeps
1090 1104 1210 1151 secat
1234 1120 1421 1167 aequora
1445 1104 1583 1168 tigri:

380 1234 383 1236 '
416 1223 489 1264 158.
512 1222 543 1252 Si
566 1221 674 1251 Tucca
688 1225 719 1249 et
742 1215 858 1247 Varius
877 1214 962 1245 hunc
977 1213 1104 1244 versum
1116 1211 1313 1249 delevissent,
1330 1210 1512 1243 Maroniani
1530 1208 1678 1240 carminis

371 1274 536 1310 sententiae
553 1283 616 1303 non
633 1269 716 1301 male
739 1265 971 1302 consuluissent,
985 1271 1020 1295 ut
1037 1264 1184 1305 equidem
1200 1263 1346 1293 arbitror.

371 1330 506 1371 voluptas
525 1324 622 1355 Goth.
640 1318 881 1352 tert.———161.
910 1318 992 1359 sidus
1017 1315 1143 1347 Zulich.

1440 1271 1512 1303 159.
1531 1262 1681 1304 secumque

1237 1314 1307 1345 162.
1330 1317 1411 1345 noezis
1428 1315 1498 1345 idem
1525 1313 1642 1344 Medic.
1660 1323 1679 1343 a

374 1392 419 1413 m.
449 1389 498 1421 pr.
542 1378 623 1407 noft'is
641 1376 691 1404 iter
715 1371 872 1402 rationem
890 1370 1055 1400 noohtrnae
1067 1366 1294 1408 navigationis,
1307 1365 1358 1396 vel
1374 1368 1455 1397 noHis
1476 1365 1571 1402 lunae,
1585 1375 1686 1406 exp0-.

377 1431 425 1463 nit
443 1431 576 1464 Burm.;
598 1433 630 1456 at
647 1424 711 1455 vid.
733 1423 845 1453 Notas.
887 1421 962 1451 modo
978 1431 1044 1463 quae
1073 1418 1175 1448 Goth.
1201 1415 1438 1454 tert.-—--163.
1467 1417 1554 1458 castus
1582 1417 1678 1447 Rom.
1706 1412 1710 1415 ’

376 1491 476 1514 monete
491 1478 576 1509 Gud.
591 1488 606 1507 a
625 1487 667 1507 m.
684 1485 733 1516 pr.
781 1473 852 1504 vide
869 1472 909 1503 ad
926 1471 1019 1502 eund.
1037 1470 1116 1501 vers.
1134 1469 1201 1510 sup.
1216 1470 1288 1505 Vll,
1304 1468 1379 1504 641.

379 1530 473 1562 Leid.
521 1530 667 1559 comitatur
684 1525 814 1565 Hugcn.
846 1524 1007 1554 comitentur
1022 1532 1071 1565 pr.
1086 1519 1206 1552 Hamb.

381 1583 519 1614 trahatur
540 1578 601 1609 Ed.
620 1587 669 1618 pr.
696 1573 886 1606 Burmanni.

382 1674 418 1697 v.
442 1659 512 1696 218
532 1656 571 1692 in
586 1653 699 1706 puppi
727 1651 849 1689 sedens
874 1649 1003 1687 diserte

383 1709 586 1747 exhibetur.
656 1706 722 1742 Ida
736 1711 745 1716 ‘
754 1714 789 1752 p.
820 1701 1006 1754 gratffima

387 1761 534 1800 Teucris.
563 1757 613 1796 cf.
629 1757 706 1806 sup.
722 1755 789 1793 lib.
811 1754 885 1797 ΙΙΙ,
916 1766 949 1803 ς.
968 1753 1010 1790 6.

388 1812 484 1851 Illud
504 1810 598 1848 forte
615 1808 736 1860 paullo
753 1805 936 1844 obscurius
949 1804 1013 1848 est,

389 1878 463 1915 qua
481 1861 617 1901 ratione
641 1859 706 1896 Ida
725 1858 762 1895 in
788 1869 893 1908 prora
919 1855 1014 1905 picta

392 1927 427 1954 et
440 1916 556 1953 leones
574 1912 638 1950 sub
657 1919 776 1947 monte
791 1907 936 1958 expreffi
953 1906 1010 1943 fu-

393 1966 501 2006 erint.
556 1962 689 2001 Leonis
708 1970 801 1998 certe
819 1960 866 1996 ad
882 1957 1014 1995 montis

396 2016 625 2056 altitudinem
644 2013 707 2050 vix
729 2012 800 2048 ulla
825 2009 1014 2061 proportio

397 2070 464 2107 effe
477 2067 608 2119 potuit.
662 2064 765 2101 Idam
782 2062 846 2099 sub
860 2060 1017 2112 personae

400 2120 565 2172 symbolo
581 2115 769 2167 expressam
789 2113 890 2150 fuisse
907 2110 1017 2161 suspi-

400 2183 504 2210 catur
516 2169 687 2220 Spencius
705 2166 743 2203 in
763 2163 939 2215 Polymeti
953 2163 1019 2200 Di-

403 2225 452 2261 al.
473 2222 568 2266 XV,
587 2224 623 2258 8.
680 2218 806 2254 Parum
832 2214 1022 2253 commode

406 2276 453 2314 fic
471 2286 552 2310 voc.
580 2276 724 2308 imminet
753 2267 928 2319 pofitum3
962 2267 1022 2302 de-

407 2326 517 2364 bebat
533 2323 600 2361 Ida
620 2322 657 2358 in
675 2320 858 2370 personam
885 2326 1024 2355 mutata

408 2378 532 2416 saltem
552 2374 598 2411 ad
624 2373 716 2410 latus
744 2371 929 2419 adjunetos
963 2369 1026 2405 lia-

411 2430 496 2467 bere
513 2427 646 2465 leones.
699 2423 810 2459 Unde
828 2434 935 2472 porro
953 2421 1027 2457 haec

413 2479 512 2518 navis
540 2489 624 2515 cum
643 2474 773 2524 insigni
798 2487 843 2510 ex
862 2471 1031 2521 Trojanis

415 2529 649 2582 religionibus
664 2525 777 2576 petito
795 2525 916 2561 AEneae
934 2523 1029 2574 apud

418 2584 623 2622 Caeretanos
640 2576 755 2614 statim
779 2585 899 2626 parata
926 2586 962 2612 et
985 2573 1032 2611 ad

418 2647 545 2674 manus
596 2629 667 2667 fuit
687 2629 699 2665 ?
752 2628 833 2677 Jain
875 2636 1032 2664 veterum

420 2681 754 2724 Grammaticorum
778 2692 818 2715 ea
841 2678 912 2716 fuit
926 2677 1033 2715 dubi-

423 2736 529 2779 tatio,
546 2732 730 2785 quomodo
747 2731 840 2767 intra
858 2729 963 2767 unius
975 2729 1036 2766 di-

422 2789 458 2830 ei
473 2786 627 2840 spatium
654 2783 762 2823 claffis
780 2780 947 2820 adornari
974 2793 1039 2831 po-

1468 1467 1538 1504 164.
1556 1468 1684 1504 Etruscis

1298 1518 1367 1558 165.
1387 1518 1527 1561 pelagove
1543 1518 1681 1551 Oudatt.

1069 1648 1190 1687 tuerit.
1246 1645 1690 1689 Dicendum,Caeretanos

1066 1703 1142 1751 jam
1170 1707 1250 1736 ante
1270 1698 1313 1734 ad
1339 1697 1473 1734 bellum
1503 1697 1689 1733 instruftos

1072 1752 1210 1789 claffem
1248 1749 1286 1787 in
1319 1759 1463 1799 promtu
1499 1747 1657 1784 habuisse
1678 1760 1687 1784 :

1076 1805 1195 1842 AEneae
1210 1811 1327 1838 autem
1347 1811 1475 1836 navem
1493 1799 1693 1836 festinanter

1077 1855 1223 1893 ornasse.
1278 1853 1429 1890 Po'etam
1447 1862 1561 1887 tamen
1577 1849 1696 1886 minus

1074 1917 1219 1944 cautum
1236 1903 1272 1940 in
1298 1902 1353 1940 his
1384 1902 1486 1939 fuisse
1506 1901 1659 1938 arbitror
1681 1914 1690 1937 :

1078 1966 1166 1995 utet
1184 1954 1251 1993 inf.
1265 1954 1315 1992 vs.
1337 1967 1407 2005 205
1425 1953 1463 1990 in
1479 1952 1574 1989 Ocni
1588 1953 1694 1989 Man-

1078 2007 1179 2046 tuani
1194 2006 1276 2043 navi
1291 2005 1474 2043 Mincium
1489 2017 1553 2055 pro
1567 2003 1697 2054 insigni

1080 2059 1248 2098 habente.

1140 2110 1351 2160 159—162.
1396 2106 1489 2144 Bene
1528 2106 1701 2143 Pallantis

1084 2160 1289 2213 generosam
1311 2169 1346 2197 et
1364 2160 1514 2196 crottam
1540 2158 1700 2195 indolem

1086 2215 1241 2251 declarat
1271 2215 1391 2261 poe'ta.
1454 2210 1602 2258 juvenis
1630 2209 1702 2246 dis-

1089 2264 1194 2302 cendi
1228 2263 1379 2312 cupidus
1406 2274 1450 2298 ex
1478 2261 1606 2304 AEnea,
1639 2261 1705 2310 qui

1089 2318 1239 2367 longum
1258 2311 1499 2363 navigationis
1516 2311 1617 2348 usum
1642 2312 1705 2348 ha-

1090 2368 1215 2409 bebat,
1234 2365 1343 2402 modo
1370 2364 1522 2401 fiderum
1551 2363 1709 2399 notatim

1094 2432 1153 2456 nes
1173 2416 1313 2468 quaerit,
1331 2426 1440 2465 opacae
1458 2420 1555 2451 noblis
1573 2420 1650 2458 iter,
1669 2415 1706 2452 h.

1093 2471 1222 2521 quibus
1241 2467 1339 2505 navis
1356 2467 1476 2502 cursus
1490 2476 1552 2515 per
1569 2466 1710 2503 noctem

1096 2521 1248 2572 regitur,
1273 2517 1381 2556 modo
1395 2529 1448 2555 res
1464 2516 1573 2568 gestas
1586 2526 1621 2553 et
1637 2516 1712 2553 fata

1094 2574 1232 2610 AEneae.

1154 2626 1238 2672 163.
1266 2621 1309 2659 In
1326 2633 1362 2658 re
1376 2633 1396 2657 a
1410 2619 1525 2670 prisca
1541 2620 1715 2657 memoria

1100 2676 1250 2725 repetita
1265 2672 1388 2710 Musas
1402 2672 1559 2708 invocat.
1577 2685 1614 2708 v.
1635 2671 1714 2720 sup.

1103 2728 1150 2764 ad
1169 2725 1258 2769 VII,
1276 2725 1364 2774 641.
1423 2723 1507 2761 166.
1534 2723 1591 2759 De
1602 2722 1717 2772 copiis

1103 2790 1149 2818 ex
1164 2776 1311 2815 Etruria
1328 2786 1363 2815 et
1380 2775 1427 2815 de
1442 2773 1605 2817 urbibus,
1622 2772 1718 2810 unde

1478 2824 1722 2872 adducuntur,
