1847 3313
338 290 743 347 AENEIDOS,
791 289 937 337 LIB.
975 289 1114 337 VIII.
1291 305 1385 359 217

80 425 328 477 Curriculo
350 425 590 487 expulerat
613 424 828 471 somnum
844 447 859 479 ς
894 440 1046 487 quum
1077 423 1254 473 femina
1283 425 1388 488 pri-

270 530 422 570 mum,

81 601 172 648 Cui
196 601 394 648 tolerare
417 601 522 648 colo
546 603 692 649 vitam
716 603 940 665 tenuique
964 601 1187 650 Minerva

35 707 39 712 ’
77 692 379 754 Impositum,
401 692 610 739 cinerem
634 707 680 740 et
703 694 878 756 sopitos
901 693 1089 741 suscitat
1112 694 1251 758 ignis,
1289 710 1385 753 410

76 782 282 829 Noctem
299 783 476 829 addens
492 784 647 845 operi;
671 784 960 847 famulasque
974 784 1031 831 ad
1049 785 1228 831 lumina
1240 785 1387 850 longo

79 876 281 919 Exercet
304 872 475 935 penso;
511 874 688 919 castum
714 885 768 920 ut
795 872 973 920 servare
995 874 1156 921 cubile

77 963 323 1026 Conjugis,
347 975 391 1008 et
414 960 551 1024 poffit
574 977 742 1023 parvos
766 961 964 1007 educere
987 974 1152 1010 natos:

75 1043 222 1091 Haud
244 1042 370 1100 secus
395 1042 663 1105 ignipotens
686 1059 770 1089 nec
796 1054 1011 1105 tempore
1034 1043 1220 1108 segnior
1241 1045 1327 1094 illo

74 1132 309 1189 Mollibus
335 1149 358 1179 e
383 1133 533 1179 stratis
556 1149 696 1195 opera
719 1133 777 1186 ad
802 1131 989 1186 fabrilia
1011 1132 1176 1198 surgit.
1286 1150 1380 1200 415

114 1262 190 1300 408.
214 1264 361 1306 explerarrt
381 1263 430 1294 ed.
455 1263 585 1306 Masvic7
629 1275 715 1305 quum
731 1263 769 1305 f.
793 1264 954 1295 revocavit
970 1263 1083 1296 Heins.
1100 1265 1283 1301 aneioribus
1297 1263 1383 1307 opti·-

73 1313 133 1352 mis
149 1314 238 1345 libris
264 1314 409 1355 inprimis
436 1314 607 1351 Pieriani33
631 1313 683 1343 alii
699 1326 746 1344 ceu
761 1314 885 1356 femina,
910 1316 994 1356 quod
1018 1315 1104 1346 haud
1119 1317 1214 1347 dubie
1237 1317 1277 1348 ad
1293 1327 1382 1347 com-

71 1365 270 1406 parationem
287 1364 409 1395 illatam
425 1365 635 1406 opportunius
658 1365 725 1395 est:
755 1378 801 1397 ceu
815 1367 1087 1407 semim—cinerem
1104 1378 1131 1399 et
1146 1369 1248 1411 fhpitos
1263 1369 1384 1412 suscitat

71 1417 147 1457 ignei
175 1423 233 1446 etc.
278 1416 372 1448 Haud
383 1415 553 1458 ficus—nec
569 1416 684 1456 segnior
706 1415 866 1447 Vulcanus
891 1418 1004 1458 surgit.
1052 1420 1113 1450 Sed
1130 1422 1255 1462 primum
1270 1431 1301 1450 v.
1317 1419 1382 1457 408

72 1466 118 1496 ita
134 1465 271 1496 otiosum
289 1465 344 1501 est,
368 1465 502 1506 satisque
519 1466 610 1495 docet
625 1475 661 1495 ea
681 1476 743 1496 vox
759 1479 820 1497 cum
839 1470 961 1509 primum
977 1479 1051 1498 vere
1067 1468 1142 1510 legi.
1186 1471 1318 1501 Verumi
1334 1469 1384 1503 uti

70 1514 104 1545 in
132 1515 312 1546 Heinfianis
339 1524 369 1546 et
394 1515 629 1546 Burnianniana
653 1516 902 1558 interpungitur,
927 1518 1019 1560 plene
1039 1520 1154 1550 scilicet
1179 1531 1215 1552 ac
1240 1521 1383 1562 perse-ste

73 1568 141 1609 post
159 1578 236 1599 natos
253 1578 283 1597 v.
301 1577 375 1606 413,
393 1567 541 1608 equidem
558 1567 786 1597 sententiarum
799 1579 915 1599 nexum
932 1570 1036 1600 nullus
1051 1570 1204 1612 assequor,
1220 1581 1259 1602 ne
1274 1581 1384 1613 gram-

71 1614 226 1662 maticum
249 1619 388 1660 quidem.
432 1620 541 1659 Itaque
565 1619 705 1649 mediam
733 1619 868 1660 stigmen
893 1621 982 1662 posui
1007 1622 1046 1653 ad
1062 1622 1159 1653 finem
1183 1623 1290 1654 versus
1305 1632 1382 1668 413,

71 1678 108 1702 ut
121 1672 317 1711 comparatio
335 1670 420 1701 nulla
436 1669 484 1705 fit,
499 1671 551 1700 sed
568 1671 720 1711 temporis
737 1681 823 1701 mera
841 1672 1014 1713 designatio
1028 1684 1035 1703 :
1060 1677 1254 1717 cumprimum
1266 1677 1382 1718 femina

71 1724 188 1753 cinerem
206 1731 231 1752 et
244 1721 345 1764 sopitos
353 1722 469 1764 suscitat
483 1722 659 1763 ignes,—ill9
675 1730 792 1764 tempore
808 1725 969 1765 ignipolrns,
984 1725 1065 1754 haud
1084 1726 1172 1768 secus,
1192 1737 1240 1756 nec
1258 1726 1380 1770 segnior,

59 1771 167 1816 surgit.
257 1780 331 1812 409.
358 1771 527 1813 calathijque
542 1772 695 1802 Minervae
718 1772 863 1803 nonnulli
890 1773 973 1806 Pier.
993 1782 1024 1804 et
1042 1774 1204 1805 Montalb.
1223 1777 1378 1809 Rottend.

67 1834 116 1865 pr.
141 1830 172 1853 et
196 1823 289 1854 Leid.
317 1833 389 1852 cuni
405 1822 504 1852 Goth.
524 1822 581 1852 sec.
600 1834 637 1852 ex
653 1824 725 1860 VH,
749 1823 987 1861 805.—410.
1013 1825 1114 1856 Re&e
1130 1825 1198 1867 post
1222 1829 1382 1870 Impzfitum

68 1875 252 1906 distinetum
268 1885 285 1904 a
301 1875 485 1904 Burmanno
508 1874 681 1905 secundum
710 1875 866 1906 Servium.
913 1876 1021 1908 Habet
1046 1877 1102 1908 ista
1125 1889 1188 1909 vox
1213 1880 1381 1913 notionem

67 1925 267 1962 necessitatis,
290 1936 360 1966 quae
377 1933 483 1966 urget.
527 1925 634 1966 Vulgo
651 1927 803 1968 impositum
819 1930 933 1958 cinerem
948 1928 1107 1970 jungitur,
1123 1929 1174 1966 sic,
1189 1931 1242 1960 Cui
1263 1931 1383 1963 tolerare

73 1977 132 2017 (se.
150 1976 206 2014 est,
230 1987 306 2015 non,
328 1983 363 2006 ut
379 1976 432 2006 alii
449 1977 532 2018 apud
556 1979 658 2014 Serv.⁷
674 1988 743 2008 mos
758 1978 812 2015 est,
835 1978 950 2022 placet)
971 1979 1048 2011 dure
1064 1981 1198 2019 dietum,
1219 1992 1289 2022 pro,
1308 1993 1381 2024 qua:

69 2027 359 2065 tole1·at.-—-—412.
384 2029 527 2058 Exercens
547 2029 835 2067 R‘Iedic.——-413.
862 2039 894 2060 ut
910 2039 944 2072 p.
961 2031 1023 2061 duo
1048 2032 1159 2064 Burm.
1184 2043 1258 2064 cuni
1273 2032 1379 2067 Schol.

70 2080 191 2125 Cruqu.
207 2078 345 2110 Horatii.
387 2087 498 2121 parvos
515 2080 593 2122 poffit
616 2079 738 2122 aliquot
752 2081 836 2123 apud
851 2082 1000 2113 eundem.

68 2187 290 2236 pergefastus
342 2188 462 2226 cubile
517 2189 689 2238 relinquit
753 2189 883 2239 surgit.
937 2194 1026 2240 408.
1046 2206 1134 2243 409.
1155 2194 1201 2230 est
1221 2194 1379 2233 Homeri

71 2237 279 2275 Vulcanus:
308 2252 379 2276 non
399 2239 490 2276 tanti
519 2250 596 2287 erat
622 2253 690 2283 res,

69 2299 110 2326 ut
164 2289 265 2326 miris
322 2290 440 2327 modis
492 2302 690 2328 ornaretur.

70 2341 182 2391 Apud
192 2341 428 2391 Apollonium
447 2355 541 2378 cura:
552 2342 692 2379 Medeae

69 2393 116 2443 de
128 2391 236 2430 salute
253 2391 313 2429 sua
331 2392 491 2429 sollicitae
510 2406 693 2443 compara-

67 2443 202 2481 tionem
259 2444 384 2480 melius
441 2445 690 2482 admittebant.

71 2494 143 2534 Ubi
151 2501 265 2544 prima
303 2496 692 2545 ur'es-——cxpulemtsom-

69 2561 162 2595 num,
204 2552 232 2568 “
255 2560 274 2583 u
304 2546 332 2587 i,
367 2560 387 2583 a
422 2547 537 2597 prima
571 2547 690 2597 quiete

67 2596 240 2646 evigilans
254 2597 351 2634 circa
366 2598 520 2635 mediam
533 2600 688 2644 moelem,

67 2646 171 2684 senfit
213 2661 354 2686 omnem
392 2650 519 2686 iterum
553 2649 688 2686 obdor-

68 2698 242 2735 miscendi
286 2699 521 2751 cupiditatem
566 2702 689 2750 expul-

68 2747 141 2786 sam
158 2763 166 2786 :
197 2749 360 2787 alacriter
373 2765 392 2789 e
406 2752 519 2789 stratis
539 2753 583 2788 ad
601 2766 689 2801 opus

66 2797 223 2850 surgit.''
274 2803 410 2847 Burm.‚
439 2817 511 2853 quo
533 2816 689 2854 ternpore

66 2850 210 2903 lanifica
218 2865 354 2920 pauper
366 2855 412 2892 ad
423 2854 688 2906 lucubrandum

754 2246 828 2288 γυνὴ
849 2249 1015 2291 χεξνῆτις.
1045 2251 1192 2296 tenuique
1210 2247 1381 2285 Minerva

754 2293 791 2330 h.
807 2294 966 2331 lanificio
981 2305 1123 2333 tenuem
1141 2297 1274 2334 vieium
1291 2307 1380 2348 prae-

756 2344 877 2388 bente‚
896 2355 934 2381 ut
949 2346 1038 2384 bene
1052 2348 1151 2385 Serv.
1172 2349 1379 2389 Minervam

756 2395 801 2431 de
820 2397 916 2438 oleo,
950 2397 1034 2446 quia
1052 2399 1098 2435 ad
1117 2400 1297 2437 lucernam
1317 2415 1379 2438 ne-

758 2446 833 2491 bat,
870 2448 988 2489 Cerda
1020 2451 1235 2500 accipiebat,
1271 2453 1381 2491 nimis

755 2508 879 2547 argute
895 2510 930 2537 et
951 2500 1105 2539 exiliter.
1159 2516 1249 2551 412.
1280 2505 1315 2542 h.
1337 2515 1378 2543 ut

754 2548 897 2593 habeat,
917 2552 1012 2588 unde
1030 2552 1129 2590 vivat
1147 2554 1288 2592 honeste
1302 2555 1378 2606 ipsa

753 2609 788 2636 et
807 2602 898 2646 nati,
932 2602 1068 2640 servata
1098 2606 1270 2644 maritalis
1305 2608 1379 2647 tori

754 2652 946 2700 pudicitia,
965 2665 1002 2690 ut
1021 2654 1109 2692 bene
1124 2656 1255 2694 Cerda.
1287 2671 1329 2704 41
1340 2673 1378 2707 3.

754 2715 798 2738 ex
827 2704 1026 2742 Homerico
1055 2707 1080 2744 l.
1113 2720 1146 2744 c.
1178 2708 1229 2746 ἵνα
1259 2712 1378 2750 παισὶν

752 2757 864 2793 ἀεικέα
907 2756 1026 2802 μηθὲν
1073 2760 1211 2808 ἄζηται.
1282 2775 1377 2813 414.

753 2805 818 2843 illo
852 2817 1026 2857 ternpore,
1060 2810 1157 2847 haud
1187 2811 1283 2850 secus
1311 2827 1379 2858 nec

752 2857 906 2909 segnior,
926 2859 1039 2912 surgit
1057 2860 1254 2913 Vulcanusq

1301 2919 1380 2967 416
