1847 3313
365 254 787 314 AENEIDOS,
837 254 989 304 LIB.
1034 253 1129 303 IX.
1325 269 1420 322 335

113 388 295 438 Poffent
327 388 500 436 tectam
533 385 686 434 aciem
708 400 1015 448 perrumpere
1041 402 1053 433 ε
1089 399 1238 449 quum
1262 394 1421 433 tamen

302 477 457 526 omnis

112 569 251 618 Ferre
265 569 404 633 juvat
424 567 583 614 subter
605 564 743 612 densa
767 565 996 613 testudine
1014 563 1160 612 casus.

46 693 49 698 -
112 659 215 707 Nec
231 657 336 723 jam
360 656 610 704 sufficiunt.
646 653 790 712 Nam,
812 670 904 718 qua
926 654 1097 719 globus
1122 654 1322 704 inminet
1344 656 1421 703 in-

306 766 438 814 genS,
1325 760 1349 807 5
1364 761 1380 791 ¹
1391 759 1416 807 5

111 839 363 886 Inmanem
388 838 560 885 Teucri
582 838 759 884 molem
779 835 1069 897 volvuntque
1093 848 1355 899 ruuntque:

111 931 237 995 Qae
258 929 418 976 stravit
442 927 642 974 Rutulos
665 927 772 983 late,
795 941 1132 989 armorumque
1153 927 1344 974 resolvit

111 1018 364 1083 Tegmina.
432 1017 536 1063 Nec
559 1026 725 1062 curant
743 1030 874 1061 caeco
898 1015 1180 1062 contendere
1202 1017 1363 1064 Marte

108 1110 333 1172 Amplius
357 1108 552 1155 audaces
579 1106 759 1162 Rutuli,
788 1103 866 1152 sed
891 1104 1067 1168 pellere
1091 1106 1216 1152 vallo

110 1196 362 1243 Miffilibus
405 1207 602 1242 certant.
927 1204 931 1206 ’
1326 1210 1418 1259 520

109 1289 246 1336 Parte
267 1287 358 1333 alia
375 1285 632 1332 horrendus
656 1285 757 1332 visu
777 1284 1017 1347 quassabat
1036 1284 1289 1334 Etruscam

108 1379 300 1433 Pinum,
329 1387 375 1422 et
401 1374 644 1421 fumiferos
667 1374 810 1421 infert
835 1375 1105 1422 Mezentius
1130 1376 1254 1440 ignis
1271 1401 1286 1432 ;

109 1472 177 1516 At
208 1466 446 1528 Messapus
471 1480 649 1527 equum
670 1463 896 1521 domitor,
928 1463 1174 1527 Neptunia
1195 1469 1369 1530 proles,

109 1556 355 1605 Rescindit
380 1555 571 1612 vallum,
595 1567 642 1600 et
664 1552 806 1600 scalas
830 1554 881 1599 in
901 1554 1080 1601 moenia
1102 1555 1274 1618 poscit.

149 1699 225 1731 513.
247 1691 351 1736 chffi‘nt
381 1688 474 1719 Leid.
504 1699 589 1731 quum
613 1695 713 1718 tamen.
759 1686 948 1718 Duriuscula
970 1687 1013 1718 est
1030 1688 1069 1719 ad
1085 1698 1193 1719 meum
1208 1690 1330 1722 sensum
1345 1690 1416 1723 haec

102 1742 263 1782 junetura.
309 1744 357 1773 At
371 1741 444 1778 illis,
459 1739 576 1781 inquit,
591 1738 645 1780 qui
661 1738 853 1770 testudinem
876 1746 987 1780 agunt,
1003 1740 1166 1771 decretum
1183 1741 1237 1779 est,
1264 1742 1413 1785 experiri,

107 1793 227 1824 Omissa
243 1800 352 1824 autem
375 1792 408 1822 in
433 1791 519 1832 seqq.
548 1790 741 1832 pronomina
768 1789 1015 1821 demonstrativa
1030 1802 1065 1821 ac
1088 1791 1231 1829 relativa,
1256 1804 1326 1835 quae
1342 1793 1415 1825 sub-

103 1844 188 1886 jetfi’ta
203 1844 378 1881 declarent,
397 1842 590 1874 brevitatem
606 1851 641 1872 ac
656 1841 723 1872 vim
740 1841 915 1872 narrationi
930 1840 1062 1872 facIunt.
1106 1844 1159 1884 Jo.
1186 1843 1349 1876 Schrader.
1378 1845 1412 1875 in

105 1896 225 1927 schedis
241 1895 321 1936 conj.
347 1906 432 1938 quam
459 1902 480 1924 t.
505 1905 532 1924 o.
560 1894 647 1923 Ferre
661 1891 769 1932 juvat.
859 1901 934 1931 514.
958 1892 1099 1935 Vulgata
1119 1893 1217 1926 leffio
1238 1905 1305 1928 erat
1331 1899 1408 1929 libet.

107 1946 205 1978 Multi
220 1953 328 1977 tamen
351 1944 460 1976 Heius.
481 1954 555 1975 cum
579 1943 681 1974 tribus
705 1945 857 1976 Burman.
880 1943 986 1983 juvat.
1032 1944 1128 1975 Adde
1153 1944 1272 1988 fragm.
1302 1948 1410 1980 vatic,

104 1998 267 2029 Alludunt
283 1996 398 2027 Medic.
415 2006 434 2025 a
449 2005 494 2026 m.
515 2005 562 2037 pr.
578 2001 610 2025 et
627 1993 727 2032 Gud.‚
742 1993 797 2035 qui
813 2004 886 2024 cum
903 1994 1054 2025 Mediceo
1072 1995 1157 2028 Pier.
1175 1995 1293 2029 habent
1307 1998 1412 2039 jubat,

105 2050 256 2080 Priscian.
271 2056 304 2080 et
320 2046 490 2088 Augustin.
508 2045 604 2086 jubet.
648 2045 830 2076 Probarunt
846 2045 932 2076 idem
955 2046 1186 2088 Cuningham.‚
1208 2049 1263 2089 qui
1278 2050 1413 2091 recepit,

105 2109 139 2132 et
160 2103 210 2143 Jo.
235 2099 422 2135 Schrader.;
449 2097 554 2138 itaque
581 2095 721 2137 praetuli,
745 2106 818 2127 cum
846 2096 1025 2126 orationem
1050 2096 1145 2128 faciat
1161 2098 1267 2129 minus
1283 2100 1409 2131 duram.

191 2161 267 2192 515,
284 2151 338 2195 sed
358 2162 415 2193 qua
440 2149 524 2179 Gud.
547 2159 565 2178 a
579 2159 624 2179 m.
647 2148 706 2178 sce.
751 2160 803 2191 quo
818 2147 917 2179 Goth.
937 2148 995 2178 sec.
1081 2148 1158 2187 516.
1183 2164 1218 2181 v.
1237 2153 1411 2196 trahuntque

106 2206 227 2237 Donat.
245 2211 275 2234 et
292 2203 346 2234 alii
362 2201 486 2242 antiqui
507 2200 591 2240 apud
609 2201 666 2231 Ge.
686 2199 808 2232 Fabric.
835 2209 908 2230 cum
933 2200 1071 2231 Mentel.
1088 2211 1137 2242 pr.
1156 2213 1174 2233 a
1191 2213 1235 2236 m.
1263 2205 1322 2236 sec.

104 2265 181 2297 517.
206 2255 326 2287 Rutulos
340 2254 454 2296 stravit
468 2251 568 2292 vulgo
585 2258 657 2281 ante
674 2250 797 2288 Heius„
812 2251 917 2282 minus
932 2251 1079 2282 suaviter.
1116 2253 1229 2295 stravit
1245 2256 1302 2287 late
1313 2259 1411 2287 Rutu-

103 2311 142 2342 los
171 2306 312 2340 Parrhas.
401 2303 476 2343 518.
501 2312 598 2335 curent
622 2302 716 2333 Leid.
750 2303 783 2347 se
806 2304 918 2335 condere
945 2304 1049 2345 Eigot.
1079 2311 1110 2335 et
1139 2307 1229 2338 Leid.
1246 2319 1264 2338 a
1280 2320 1325 2342 m.
1348 2310 1408 2342 sec.

103 2362 248 2394 detendere
275 2361 404 2396 Menag.
422 2355 474 2386 alt.
564 2363 638 2393 520.
663 2363 771 2385 tentant
786 2354 844 2387 sec.
864 2356 1035 2392 Rottend..
1056 2363 1126 2386 tum
1152 2359 1243 2389 Leid.
1261 2360 1406 2403 supplet:

103 2414 189 2456 deygsis
205 2423 265 2444 cum
281 2418 389 2452 corpore
403 2415 573 2445 tot0.———5
579 2415 630 2438 21.
653 2407 818 2437 horrendum
833 2409 897 2450 νυῷ(
913 2406 983 2438 Erf.
1072 2416 1149 2445 524.
1174 2410 1355 2455 ‘Trarscendit
1370 2428 1406 2446 v,

104 2465 196 2496 codd.
212 2462 386 2494 admodum
407 2459 519 2490 vetusti
536 2469 586 2500 ap.
606 2459 691 2489 Pier.
729 2460 896 2502 praescindit
911 2470 958 2501 pr.
972 2461 1094 2491 Moret.
1113 2468 1144 2492 et
1161 2472 1178 2491 a
1193 2473 1234 2493 m.
1253 2475 1301 2505 pr.
1326 2468 1406 2497 Ven.

105 2518 166 2548 Sed
193 2514 333 2561 Rcscindit
347 2512 445 2549 reolo,
470 2518 506 2541 ut
521 2511 615 2552 supra
631 2509 790 2542 vellebant
806 2510 916 2541 vallos.
960 2512 1002 2542 ad
1015 2514 1117 2542 moenia
1132 2515 1279 2546 nonnulli
1294 2517 1405 2549 Heius.

107 2575 138 2598 ct
151 2570 260 2599 Burm.
279 2576 353 2596 cum
368 2564 426 2597 sec.
448 2563 550 2595 Goth.

98 2645 239 2694 pondere
268 2653 333 2691 pro
350 2640 467 2691 gravi,
500 2649 536 2676 et
561 2639 610 2676 ob
641 2651 727 2689 gra·-
790 2642 937 2691 tegmina
989 2638 1130 2676 dixerat
1140 2655 1152 2684 3
1211 2644 1408 2694 opponitur

104 2694 250 2732 vitatem
283 2692 453 2729 exitioso„
508 2694 596 2742 518.
641 2707 722 2728 [ατο
785 2704 906 2741 pugna
959 2702 1094 2741 aperta.
1166 2706 1254 2743 5²1·
1306 2703 1408 2746 pinus

103 2747 223 2785 Marte
265 2743 328 2780 sub
373 2743 560 2787 testudine,
612 2755 721 2792 quam
784 2743 884 2779 nulla
901 2741 972 2779 alia
984 2743 1031 2779 est
1046 2756 1154 2791 quam
1172 2745 1312 2792 ardens,
1327 2760 1408 2798 quae

105 2798 215 2835 modo
241 2801 361 2834 teaeam
387 2801 486 2833 aciem
505 2804 540 2832 et
557 2809 723 2832 armorum
785 2805 851 2844 pto
867 2794 946 2832 face
964 2794 1058 2832 effct-

1329 2862 1404 2903 5²5
