1847 3313
413 253 829 311 AENEIDOS‚
878 253 1028 301 LIB.
1073 254 1171 303 IX.
1350 270 1441 321 301

125 382 269 436 Nisus
292 386 351 434 ad
374 383 477 432 hoec
496 404 507 432 ε
542 383 784 447 Equidem
807 383 866 429 de
887 395 933 429 te
957 383 1024 429 nii
1043 383 1134 430 tale
1157 384 1352 431 verebar
1366 408 1381 440 ;

127 474 232 522 Nec
256 474 324 521 fas
343 499 356 530 ς
392 491 506 524 non.
577 474 650 520 Ita
674 487 750 517 me
774 470 943 517 referat
961 470 1052 516 tibi
1078 487 1448 534 magnusovan..

323 578 424 612 tem

125 651 364 719 Juppiter,
377 653 755 716 autquicumque
767 651 916 697 oculis
933 651 1037 698 haec
1056 650 1260 714 adspicit
1277 652 1443 715 aequis,

126 744 233 800 Sed,
256 743 290 789 fi
309 742 413 805 quis
442 747 569 804 (quae
589 742 739 788 multa
761 742 891 789 vides
914 741 1190 789 discrimine
1205 743 1331 800 tali),
1351 756 1446 790 210

125 834 175 880 Si
200 832 304 896 quis
320 832 368 878 in
391 829 640 876 adversum
661 831 827 894 rapiat,
861 830 1068 885 casusve,
1102 831 1295 889 deusve,

125 928 200 976 Te
217 924 442 988 superesse
468 923 613 970 velim
632 948 644 977 ;
680 937 761 971 tua
783 924 882 970 vita
901 923 1092 986 dignior
1115 935 1248 970 aetas.

126 1016 212 1073 Sit,
244 1014 326 1078 qui
345 1029 421 1059 me
444 1024 636 1075 raptum
658 1027 836 1074 pugna,
870 1011 1086 1071 pretiove
1109 1010 1382 1060 redemtum

127 1103 331 1151 Mandet
349 1103 498 1150 humo
521 1099 685 1155 solita3
721 1111 815 1156 aut,
848 1098 882 1144 fi
918 1114 1012 1161 qua
1042 1098 1094 1145 id
1134 1100 1346 1150 Fortuna
1369 1120 1454 1151 ve-

322 1193 460 1250 tabit,

169 1354 246 1379 210.
271 1346 319 1387 qut·
334 1346 454 1375 Moret.
473 1348 692 1384 qu.—-——212.
719 1337 829 1372 Heinf.
864 1339 897 1372 in
927 1351 984 1373 ora
1014 1339 1131 1374 codicis
1144 1345 1217 1376 vitae
1233 1344 1451 1387 adscripscrat,

125 1403 161 1428 nt
179 1397 253 1429 effer.
268 1403 339 1429 aetas
354 1398 437 1432 vitae,
461 1396 568 1435 dzgnior
583 1400 690 1423 autem
706 1402 765 1433 pro
780 1391 903 1433 justior.
952 1395 1022 1424 Hoc
1038 1394 1082 1425 est
1097 1395 1249 1437 argutari.
1292 1403 1342 1426 tua
1368 1403 1450 1435 cetos,-

124 1455 271 1496 juventa‚
292 1449 398 1488 dignior
413 1447 447 1489 gf}
463 1449 536 1476 vita.
629 1452 703 1483 213.
727 1444 761 1473 Si
775 1445 822 1484 qui
838 1443 922 1476 Gud.
940 1455 959 1474 a
975 1455 1018 1477 m.
1035 1456 1084 1487 pr.
1133 1448 1167 1477 Si
1181 1450 1241 1488 quis
1260 1446 1308 1478 vel
1325 1448 1372 1477 Set
1387 1450 1448 1488 quit

125 1509 175 1540 pr.
194 1499 346 1530 Rottend.
388 1504 492 1539 pugnae
518 1495 598 1525 alter
625 1494 742 1524 Hamb.
782 1497 924 1536 pretioque
954 1496 1017 1526 duo
1048 1498 1155 1529 Burm.
1248 1507 1320 1536 214.
1336 1500 1422 1539 filim
1437 1509 1451 1529 ι·

126 1549 173 1581 ita
189 1551 263 1582 inde
280 1550 318 1581 ab
335 1549 434 1580 Aldd.
455 1547 591 1578 editum.
635 1547 668 1576 A
684 1546 768 1575 Dan.
786 1545 918 1576 Heinsio
934 1547 1103 1579 admissum
1117 1550 1221 1590 fhlida,
1243 1549 1329 1591 quod
1357 1549 1451 1580 dam-

127 1602 223 1633 nabat
240 1601 312 1633 Nic.
332 1598 502 1636 Heinsius3
535 1596 708 1638 repositum
731 1605 840 1627 tamen
871 1597 911 1628 ab
939 1609 977 1628 eo
993 1600 1093 1639 solita,
1114 1600 1232 1630 iterum
1249 1600 1414 1642 expulsum
1431 1610 1451 1631 a

127 1654 325 1689 Burmanno,
349 1650 496 1694 quisalida
507 1656 626 1680 tuetur.
674 1648 727 1678 Est
744 1648 815 1678 sane
839 1650 1034 1689 permutatio
1050 1650 1105 1680 illa
1120 1650 1215 1681 obvia
1230 1660 1262 1682 et
1287 1652 1450 1693 frequens.

125 1705 168 1737 cf.
184 1704 287 1735 Culic.
305 1703 473 1744 99solid11m
487 1711 606 1736 carmen,
631 1699 697 1729 imo
705 1700 817 1738 [blitum
833 1711 841 1736 ;
864 1707 935 1729 tum
940 1702 1028 1739 fhlita
1044 1700 1166 1743 legerat
1179 1704 1282 1739 Serv.,
1304 1704 1349 1734 ita
1371 1714 1453 1744 quo-

126 1766 189 1797 que
206 1754 276 1785 Erf.
295 1760 326 1784 et
342 1750 584 1790 DorvilLfialita,
597 1750 629 1792 st
642 1763 708 1790 qua,
732 1757 764 1779 et
780 1759 795 1779 e
816 1750 954 1782 Mentel.
974 1751 1066 1791 solito.
1104 1752 1171 1783 vid.
1198 1754 1296 1784 Wass.
1325 1754 1364 1785 ad
1382 1754 1450 1786 Sal..

127 1805 197 1837 lust.
217 1806 292 1846 Jug.
312 1812 354 1842 52
370 1801 394 1832 f„
442 1801 643 1830 Burmannus
654 1808 761 1830 tamen
778 1807 888 1830 movet
904 1799 1125 1832 difficultatem
1142 1813 1150 1833 :
1176 1806 1337 1845 quomodo
1352 1807 1451 1837 adve-

127 1859 177 1890 nis
190 1855 342 1898 Trojanis
364 1854 482 1884 humus
507 1852 569 1882 dici
585 1851 676 1894 possit
695 1852 796 1894 solita.
842 1852 967 1883 Scilicet
983 1853 1100 1884 humus
1115 1865 1179 1885 non
1204 1857 1243 1887 de
1271 1859 1357 1888 Latii
1373 1858 1453 1896 solo,

125 1910 180 1942 sed
196 1907 328 1940 omnino
341 1906 380 1936 de
393 1913 478 1936 terra
495 1903 691 1944 accipienda,
710 1915 772 1945 qua
784 1915 841 1935 nos
855 1905 976 1936 mortui
1001 1905 1094 1936 condi
1111 1914 1142 1936 et
1165 1906 1292 1938 humari
1315 1909 1451 1941 sollenni

126 1971 216 1996 more
232 1957 380 1991 solemus.
425 1955 515 1986 Solida
530 1955 626 1985 humus
643 1954 697 1985 vix
711 1955 835 1997 placere
851 1955 965 1997 potest,
986 1962 1018 1986 et
1038 1954 1078 1986 fic
1101 1955 1245 1998 respetstu
1262 1958 1450 2000 naufragio·-

1374 2019 1449 2041 rum

128 2134 248 2181 nium,
273 2147 363 2185 quos
380 2131 545 2177 memini,
572 2133 755 2170 sententiae

126 2186 360 2238 generositate
387 2195 424 2222 et
455 2185 755 2234 magnanimitate

126 2235 411 2289 praestantiffimi.
466 2236 629 2281 Sensum,
657 2236 754 2286 quis-

128 2302 200 2347 que
214 2289 330 2333 suum,
357 2286 533 2329 excutiat,
561 2289 755 2338 etjuvenes

129 2353 286 2390 ingenue
305 2349 407 2377 natos
423 2338 606 2382 observet,
633 2352 755 2376 annon

127 2392 220 2429 lec'ia
251 2401 288 2432 et
318 2399 485 2441 percepta
503 2389 676 2427 sententia
693 2403 756 2426 ex-

129 2442 267 2481 ultent!
325 2442 474 2479 Habent
519 2441 632 2478 fimile
664 2441 753 2492 quid

128 2494 226 2537 loca,
255 2493 406 2530 Horatii
425 2492 541 2530 illud:
571 2499 757 2544 animaeque

128 2561 262 2598 mag-nee
276 2547 457 2597 Prodigum
470 2544 630 2582 Paullum
643 2544 757 2594 (quod

132 2597 268 2634 Statius
287 2596 360 2641 ΠΙ,
389 2598 461 2644 603
483 2596 658 2647 larglssque
680 2601 755 2632 ani-

130 2664 209 2692 mae,
225 2650 265 2697 fi
268 2651 413 2698 suaserit
432 2652 524 2696 ira),
551 2658 586 2684 et
616 2646 757 2684 Lucani

129 2698 176 2736 de
192 2698 406 2736 Germanis:
436 2697 470 2743 I,
488 2699 556 2748 461
575 2704 759 2749 animaeque

129 2761 262 2802 capaces
297 2751 420 2790 Mortis
435 2763 449 2788 .·
511 2761 541 2791 et
576 2757 758 2802 ignavum,

821 2135 979 2172 reditura
989 2145 1128 2184 parcere
1142 2139 1244 2173 vitae.
1297 2135 1450 2187 Qanto

820 2185 951 2222 exilior
970 2186 1076 2223 Statii
1107 2187 1240 2231 oratio,
1279 2186 1342 2223 ubi
1362 2188 1399 2224 h.
1419 2187 1445 2225 1,

820 2237 996 2287 expressit,
1024 2237 1145 2275 Theb.
1159 2237 1193 2282 I,
1213 2238 1284 2288 607
1300 2239 1448 2287 juvenes

824 2288 968 2325 Famam
982 2288 1304 2341 pqsthabitafaciles
1329 2302 1446 2327 exlen-

820 2341 896 2376 dere
929 2346 1020 2378 vita.
1094 2339 1172 2377 Effe
1213 2350 1330 2378 autem
1368 2342 1448 2378 bene

820 2406 937 2434 emere,
965 2404 1068 2441 aequo
1087 2393 1143 2428 vel
1160 2392 1227 2429 vili
1243 2393 1351 2430 etiam
1366 2405 1447 2443 pre-

821 2440 876 2478 tio
908 2455 1040 2484 emere,
1067 2453 1194 2481 notum
1220 2445 1291 2488 est;
1321 2445 1449 2480 oculos

821 2509 927 2544 aequos
950 2507 984 2532 v.
1005 2507 1079 2544 209
1099 2495 1164 2532 effe
1182 2494 1377 2546 propitios,
1405 2494 1446 2532 in

821 2554 964 2594 promtu
982 2545 1049 2582 esse
1072 2546 1191 2583 debet.
1245 2546 1340 2583 Mox
1368 2558 1444 2596 213

822 2606 953 2646 raptum
968 2609 1055 2640 non,
1070 2597 1244 2639 occisum,
1263 2597 1323 2634 sed
1341 2611 1446 2648 erep-

822 2656 915 2692 tum,
942 2647 1156 2686 subductum
1183 2662 1203 2685 e
1231 2661 1375 2699 pugna:
1406 2658 1448 2686 ut

822 2698 929 2735 toties
956 2699 1051 2749 apud
1072 2700 1273 2736 Homerum
1301 2700 1355 2744 fit,
1384 2698 1448 2737 ubi

821 2751 1054 2799 ὑπεξέλκεται,
1081 2753 1270 2802 §negasti-oct,
1297 2755 1448 2802 ὑπαέιξε-

1387 2819 1451 2843 ται
