1847 3313
394 226 807 282 AENEIDOS,
858 225 1008 273 LIB.
1057 225 1149 272 XI.
1339 226 1425 283 535

123 359 335 422 Obliqua
358 360 542 406 invidia
566 359 858 421 stimulisque
877 358 1084 422 agitabat
1106 357 1290 413 amariS,

126 447 305 510 Largus
328 463 489 509 opum,
521 459 565 493 et
589 447 750 510 lingua
773 446 953 502 melior,
974 445 1051 492 sed
1077 444 1249 507 frigida
1274 442 1398 489 bello

124 538 343 596 Dextera,
369 539 571 585 confiliis
599 539 784 584 habitus
808 554 904 583 non
930 536 1077 582 futilis
1095 536 1269 590 auctor,

125 626 366 674 Seditione
386 641 581 690 potens3
616 644 763 691 genus
788 628 897 674 huic
920 639 1129 672 materna
1152 624 1408 687 superbum

124 714 364 761 Nobilitas
385 715 540 770 dabat,
566 716 799 761 incertum
822 715 880 761 de
904 726 1038 776 patre
1060 713 1234 759 ferebat
1253 736 1266 766 ς

125 807 301 869 Surgit,
324 819 367 852 et
389 807 459 852 his
484 817 645 851 onerat
668 805 802 852 dietis
827 817 964 867 atque
987 816 1178 867 aggerat
1201 804 1290 849 iras
1309 821 1321 847 ε

190 897 314 947 Rem
338 895 455 941 nulli
474 895 737 950 obscuram,
760 894 925 940 nostrae
951 910 1034 939 nec
1053 895 1180 940 vocis
1199 904 1430 956 egentem,

130 986 360 1042 Consulis,
380 1003 409 1031 o
432 987 554 1031 bone
578 1001 669 1031 rex.
743 985 912 1030 Cuncf‘ti
937 985 981 1030 se
1003 984 1116 1031 scire
1141 984 1356 1039 fatentur,

128 1076 260 1139 Qid
279 1075 463 1121 fortuna
477 1074 592 1118 ferat
607 1073 772 1135 populi
791 1095 802 1125 ;
839 1071 914 1118 sed
931 1072 1087 1118 dicere
1104 1069 1318 1116 muffant.
1337 1081 1427 1130 345

130 1166 226 1218 Det
247 1165 514 1210 libertatem
537 1161 680 1217 fandi,
705 1160 931 1223 flatusque
956 1159 1180 1217 remittat,

130 1252 274 1317 Cujus
298 1252 360 1298 ob
385 1250 650 1313 auspicium
672 1248 929 1296 infaustum
950 1247 1192 1310 moresque
1210 1247 1412 1295 finistros

173 1394 248 1425 337.
273 1391 321 1426 que
336 1384 420 1415 abest
442 1385 551 1416 Franc.
580 1390 612 1414 et
628 1381 730 1413 Goth.
749 1389 822 1413 tert.
912 1381 984 1421 338.
1006 1389 1030 1412 et
1046 1393 1062 1412 a
1080 1381 1222 1412 Pari-has.
1239 1380 1334 1413 abest.
1380 1381 1435 1410 lin-

122 1449 194 1480 guae
217 1439 312 1467 melior
328 1435 435 1477 legisse
451 1435 552 1466 videri
570 1434 670 1477 potest
688 1435 835 1465 Servius:
860 1444 934 1464 nam
951 1433 1094 1464 laudatur
1112 1434 1150 1464 ab
1177 1444 1214 1464 eo
1242 1443 1306 1463 non
1333 1431 1433 1462 modo

128 1490 172 1520 vs.
202 1498 263 1526 441
297 1488 351 1519 lib.
371 1490 382 1518 1
408 1488 558 1530 laetiffimus
574 1488 683 1524 umbra,
707 1487 761 1517 ubi
777 1487 877 1516 umbrae
903 1496 976 1516 eum
991 1485 1097 1527 legisse
1114 1484 1277 1527 probabile
1303 1483 1359 1521 fit3
1382 1483 1435 1513 sed

129 1548 161 1572 et
178 1539 313 1570 Sallustii
331 1541 357 1569 ΙΙ
382 1538 465 1569 Hist.
480 1541 631 1579 frufhmm
655 1539 803 1579 pabulique
825 1539 905 1569 laetns
931 1549 1008 1578 ager.
1057 1539 1164 1577 Atque
1194 1536 1232 1566 fic
1247 1534 1437 1566 emendabat

128 1601 255 1632 quoque
284 1589 492 1621 Marklandus
507 1590 539 1619 in
557 1588 696 1630 Epistola
724 1588 833 1619 critica
854 1600 928 1630 pag.
950 1598 1026 1627 121,
1047 1596 1079 1619 et
1097 1587 1341 1628 Cuninghamus
1367 1585 1435 1616 Silii

128 1641 229 1673 {imile
257 1641 380 1672 dietum
395 1651 402 1671 ε
418 1642 485 1682 fati
509 1641 603 1669 melior
618 1638 673 1671 lib.
694 1640 736 1676 V,
763 1648 824 1678 333
843 1639 986 1669 advocat.
1032 1638 1136 1668 Docte
1152 1639 1195 1668 ita
1220 1637 1307 1678 loqui
1323 1639 1451 1678 poetas.

129 1701 226 1721 nemo
242 1690 384 1721 dubitet.
429 1690 490 1720 Sed
506 1689 590 1720 idem
608 1688 790 1730 exemplum
806 1689 844 1719 ab
861 1689 990 1719 indoe'to
1007 1689 1137 1719 homine
1154 1687 1280 1719 aliunde
1303 1685 1437 1717 adscribi

129 1743 248 1783 potuit,
278 1749 310 1771 et
336 1740 538 1772 ambitiosum
565 1740 639 1771 effet
671 1741 893 1782 putidumque,
923 1740 1001 1771 tales
1028 1741 1154 1771 delicias
1180 1738 1298 1779 ubique
1323 1736 1437 1768 sectari

128 1793 222 1826 velle.
264 1793 413 1823 Tandem
435 1794 488 1832 fr.
519 1793 615 1821 bellum
645 1791 702 1822 sec.
731 1791 1052 1832 Rottend.-—339-
1088 1803 1137 1820 non
1151 1792 1186 1830 f.
1213 1793 1291 1819 αῑίον
1315 1787 1438 1829 aliquot

130 1846 374 1882 Pier.—34i.
390 1843 524 1884 serebant
540 1844 636 1873 Rom.
657 1841 740 1872 Gud.
771 1852 788 1872 a
805 1852 847 1872 m.
876 1841 934 1871 sec.
964 1841 1044 1871 alter
1061 1839 1200 1871 Mentel.
1227 1850 1245 1870 a
1263 1849 1308 1870 m.
1326 1849 1375 1880 pr.
1404 1847 1437 1870 et

129 1899 274 1939 Hugen.‚
298 1895 384 1936 quod
411 1905 522 1925 verum
550 1894 706 1926 arbitror:
732 1893 868 1936 praefero
884 1892 1017 1930 saltem;
1040 1893 1160 1934 recepit
1176 1892 1273 1922 etiam
1297 1892 1437 1923 Brunck.

130 1957 290 1987 ——342.
315 1954 434 1976 auxerat
467 1945 564 1976 Goth.
579 1950 665 1978 ‘tert.
712 1952 826 1986 agregat
849 1944 985 1974 Dorvill.
1073 1953 1147 1982 344.
1171 1951 1196 1973 te
1208 1944 1282 1984 fiire
1296 1943 1439 1975 Dorvill.

130 2010 149 2030 a
165 2010 209 2031 m.
229 1998 286 2029 sec.
375 2006 447 2035 345.
475 1998 602 2039 Qidf.
622 1995 842 2038 petatMedic.
867 1995 952 2026 Gud.
980 2005 997 2024 a
1014 2005 1056 2024 m.
1074 1994 1131 2024 sce.
1152 2003 1183 2024 et
1201 1993 1295 2024 multi
1310 1993 1365 2025 alii
1384 2006 1437 2037 ap.

130 2050 243 2081 Heins.
259 2056 290 2079 et
308 2049 415 2078 Burin.
435 2058 507 2078 cum
525 2047 623 2078 Goth.
653 2054 728 2078 tert.
779 2045 890 2076 Altera
915 2045 1012 2076 1εᾶἱο
1038 2053 1120 2076 vett.
1149 2046 1221 2076 edd.
1249 2044 1381 2083 obsidet,
1407 2054 1441 2079 et

131 2103 248 2133 merito
264 2098 434 2141 praefertur
446 2108 453 2128 τ
468 2100 553 2139 ferat
570 2097 611 2128 est
628 2097 777 2138 postulet,
791 2097 917 2138 ejusque
929 2096 1163 2138 interpretatio,
1173 2104 1262 2138 petat,
1276 2104 1311 2127 ut
1325 2098 1437 2130 Burni.

130 2163 258 2195 quoque
276 2150 388 2181 censet.
430 2151 538 2190 populis
563 2159 588 2179 et
606 2150 709 2190 Sprot.
800 2157 871 2187 347.
896 2150 926 2178 ob
950 2151 1094 2190 augurium
1117 2159 1167 2189 ap.
1203 2148 1352 2180 Priscian.
1381 2148 1439 2180 lib.

131 2206 224 2241 XIV,
254 2201 365 2233 vitiose
391 2200 477 2232 haud
502 2199 607 2231 dubie.
653 2201 803 2241 auspicium
829 2200 974 2241 itfizndum
990 2199 1083 2230 Leid.
1128 2200 1278 2245 infastum
1293 2201 1440 2242 auspicium

129 2254 275 2290 Fari-has.

129 2352 201 2394 λῆἶ,
236 2358 274 2387 ut
309 2347 370 2385 hic
405 2348 563 2398 i7fi1nfiaes.
633 2346 753 2397 lingna
819 2348 878 2386 est.
945 2345 1063 2395 Julius
1108 2356 1228 2383 tamen
1274 2346 1441 2389 Sabinus,

132 2402 258 2445 melior,
299 2399 444 2442 fortior,
480 2411 586 2448 quarn
628 2411 751 2435 manu.
820 2397 941 2436 nescio
977 2397 1087 2441 unde,
1123 2398 1198 2434 haec
1229 2398 1439 2435 annotavit:

132 2456 187 2490 At
204 2453 319 2504 largus
340 2461 431 2500 opum
449 2450 605 2486 alienum
640 2449 685 2484 ab
714 2449 754 2486 h.
821 2457 847 2472 “
868 2450 961 2488 filius
994 2448 1122 2485 sororis
1165 2448 1305 2490 Latini,
1341 2459 1442 2498 patre

131 2506 159 2543 1.
177 2502 295 2542 videri
324 2501 449 2552 potest,
479 2501 549 2538 five
581 2510 621 2538 ut
652 2499 754 2536 dives
821 2501 989 2538 rustico.”
1044 2513 1131 2549 342.
1172 2510 1299 2544 onerat,
1336 2500 1442 2538 docte

132 2556 190 2600 fit,
209 2554 279 2591 sive
307 2564 346 2590 ut
379 2552 552 2589 liberalis.
607 2551 649 2589 In
677 2564 754 2588 ver·
821 2566 886 2602 pro
919 2561 1043 2601 auget,
1071 2552 1273 2588 accumulat
1299 2551 1385 2588 odia
1403 2552 1442 2589 in

133 2607 192 2644 bis
221 2604 356 2646 Turni,
387 2604 518 2653 quibus
550 2602 754 2653 respondet,
820 2617 917 2641 eum.
973 2615 1060 2652 345.
1091 2606 1245 2654 ngffiznt,
1275 2605 1442 2640 cunc'tan-

133 2660 183 2697 est
201 2670 238 2695 v.
260 2658 331 2706 378
352 2655 612 2707 Larga—copia
631 2656 755 2705 fandi.
821 2665 896 2698 tur,
917 2667 985 2691 non
1007 2652 1137 2690 audent
1164 2654 1297 2691 dicere.
1353 2655 1441 2703 346.

136 2721 224 2760 340.
257 2720 342 2756 34¹·
371 2708 523 2744 Poetarn
543 2706 611 2743 hoc
633 2705 677 2742 ad
697 2717 756 2741 or-
807 2710 935 2755 flatus,
963 2706 1118 2752 φύσημα,
1149 2706 1195 2743 de
1223 2705 1441 2755 arrogantia.

136 2770 261 2803 natum
303 2757 518 2810 excogitasse
569 2755 756 2808 probabile
819 2757 883 2796 Ad
893 2756 1041 2796 eandem
1059 2767 1095 2795 et
1109 2756 1323 2796 obstinatum
1343 2756 1442 2795 Tur-

1403 2821 1443 2846 m
