1847 3313
442 335 536 384 180

649 334 701 384 P.
741 329 1127 381 VIRGILII
1184 324 1577 378 MARONIS

440 460 515 511 Ex
532 479 627 526 quo
652 463 867 510 terdenis
892 462 1061 509 urbem
1085 461 1390 508 redeuntibus
1416 459 1548 507 annis

445 553 670 602 Ascanius
694 554 806 601 clari
829 552 1004 601 condet
1023 553 1324 617 cognominis
1343 552 1540 599 Albam.

443 648 588 695 Haud
613 647 791 694 incerta
811 661 945 693 cano.
966 647 1109 694 Nunc
1125 662 1218 709 qua
1239 646 1437 699 ratione,
1453 639 1581 706 quod
1595 639 1752 698 instat,

440 738 681 801 Expedias
704 737 869 795 viCtor,
901 738 1081 802 paucis,
1114 736 1321 793 adverte,
1355 734 1555 782 docebo.

1689 744 1752 793 50

441 829 650 879 Arcades
668 829 740 875 his
762 830 870 886 oriS,
902 845 1049 893 genus
1071 833 1097 876 a
1118 827 1328 875 Pallante
1345 824 1635 891 profestum,

442 921 541 986 Qi
565 937 727 985 regem
748 920 1029 968 Evandrum
1051 918 1269 975 comites,
1299 918 1384 982 qui
1406 917 1537 980 figna
1558 915 1722 972 secuti,

443 1009 672 1074 Delegere
697 1009 876 1067 locum,
909 1021 955 1056 et
977 1006 1174 1071 posuere
1197 1008 1248 1054 in
1268 1005 1513 1054 montibus
1535 1004 1721 1059 urbem,

444 1102 668 1151 Pallantis
689 1102 852 1166 proavi
875 1100 935 1148 de
957 1100 1152 1149 nomine
1173 1098 1484 1147 Pallanteum.

443 1190 518 1242 Hi
542 1190 722 1238 bellum
744 1188 936 1236 adsidue
958 1187 1141 1235 ducunt
1164 1201 1277 1234 eum
1299 1199 1443 1250 gente
1467 1184 1637 1234 Latina
1652 1208 1671 1241 ;·
1694 1197 1750 1248 55

444 1279 553 1331 Hos
573 1282 731 1329 castris
755 1279 928 1328 adhibe
945 1277 1111 1336 socios,
1145 1288 1194 1324 et
1211 1276 1393 1325 foedera
1408 1275 1577 1342 junge.

444 1370 549 1436 Ipse
565 1387 654 1436 ego
679 1383 726 1418 te
741 1368 858 1434 ripis
883 1381 930 1417 et
945 1368 1072 1421 ree'to
1089 1366 1287 1414 flumine
1309 1366 1502 1427 ducam,

441 1486 512 1521 sup.
529 1480 587 1517 111,
602 1488 643 1521 39
647 1488 679 1520 3.
725 1479 821 1511 Nunc
837 1488 875 1510 eo
890 1478 945 1509 vix
960 1486 1066 1508 careas
1079 1482 1212 1519 propter
1228 1474 1313 1516 seqq.
1329 1486 1364 1506 ex
1380 1487 1434 1517 quo
1449 1474 1492 1506 est
1508 1475 1536 1514 ἐξ
1549 1472 1577 1506 οὖ
1594 1474 1634 1506 sc.
1661 1475 1760 1519 χςὸωμ

443 1542 505 1574 pro
522 1532 588 1571 ἕσις
609 1542 684 1564 narn
700 1539 736 1563 ut
753 1531 791 1564 sit
805 1542 842 1563 ex
857 1543 922 1574 quo,
942 1529 1116 1561 secundum
1141 1528 1228 1569 quod
1254 1534 1452 1569 portentum,
1477 1526 1675 1559 durissimum
1699 1527 1757 1561 est.

534 1592 584 1621 47.
609 1583 725 1616 tridem's
741 1583 804 1614 duo
819 1583 931 1613 Burm.
950 1590 1023 1611 curn
1039 1590 1088 1621 pr.
1122 1579 1222 1611 Goth.

1313 1577 1367 1616 48.
1392 1579 1504 1610 condens
1527 1579 1608 1609 alter
1639 1579 1760 1611 Hamb.

445 1643 472 1666 c.
490 1646 516 1664 c.
534 1633 630 1665 urbem
647 1633 747 1664 Goth.
766 1639 854 1670 tert„
876 1632 962 1674 quod
978 1630 1127 1672 equidem
1143 1630 1254 1661 malim
1269 1639 1287 1659 a
1308 1632 1407 1671 poeta
1418 1629 1604 1671 -profeemm
1628 1629 1661 1660 in
1676 1630 1761 1661 vati-

445 1685 542 1716 cinio.

630 1694 686 1725 50.
711 1685 874 1727 Expediam
890 1694 961 1714 am.
979 1693 1028 1725 pr.
1049 1681 1175 1715 Medic.
1203 1689 1235 1712 et
1259 1681 1343 1714 Gud.
1389 1682 1532 1724 Expedies
1563 1680 1662 1713 Goth.
1695 1681 1757 1714 sec.

534 1744 589 1775 51.
613 1737 658 1767 hic
675 1735 794 1767 Medic.
839 1737 862 1766 is
891 1733 977 1765 eraso
994 1735 1023 1765 h.
1044 1731 1180 1764 Dor-vill.

1267 1741 1321 1771 55.
1346 1732 1446 1763 ducent
1462 1731 1583 1762 Hamb.
1607 1731 1663 1763 sec.

447 1787 501 1826 56.
515 1788 633 1830 foedere
646 1786 700 1817 alii
712 1796 764 1828 ap.
780 1787 868 1817 Serv.
881 1792 912 1816 et
931 1784 1018 1816 Gud.
1036 1794 1072 1814 ac
1088 1793 1138 1825 pr.
1158 1784 1281 1813 Mox-et.
1299 1793 1371 1813 cum
1383 1783 1426 1814 al.
1444 1793 1493 1824 ap.
1510 1783 1700 1820 Burm0sed
1712 1781 1761 1814 of-

447 1839 535 1871 sensa
551 1850 638 1871 aure.

447 1952 516 1991 lib.
534 1953 609 1996 ΙΙΙ,
639 1952 710 2001 388
730 1951 824 2002 sqq„
865 1963 900 1986 v.
920 1948 1012 1987 Exc.
1033 1947 1073 1985 Π

449 2006 495 2041 ad
504 2004 765 2048 lib.VIl,‘126.
781 2017 843 2052 47.
863 2002 983 2053 Exquo
995 2015 1008 2038 .·
1027 2013 1073 2039 ex

450 2069 524 2106 quo
540 2067 712 2106 tempore,
725 2056 884 2103 quando.
902 2055 990 2091 clari
1000 2069 1074 2103 cog-

449 2111 603 2152 nominis,
616 2107 662 2144 ab
673 2105 755 2143 alba
770 2105 828 2142 sue
836 2106 1075 2149 nominatam,

451 2169 488 2197 et
504 2159 625 2196 XXX
646 2158 729 2196 inde:
744 2170 838 2194 anno
855 2156 1055 2194 conditam.

507 2224 550 2262 5¹1
573 2210 648 2261 sqq.
677 2210 845 2247 Evander
859 2221 941 2245 cum
961 2217 1075 2245 matre

452 2263 649 2300 Carmenta
666 2261 724 2298 seu
740 2260 960 2302 Nicostrata,
980 2269 1074 2303 vate,

453 2327 499 2352 ex
520 2314 682 2351 Arcadia
698 2313 891 2364 profec'lus,
912 2310 1074 2361 Pelasgos

453 2366 535 2404 suos
553 2366 592 2403 in
610 2367 689 2403 loca
707 2364 805 2402 circa
823 2363 991 2400 Tiberim
1012 2363 1075 2398 ad-

453 2418 578 2464 duxit,
601 2428 638 2453 et
666 2416 705 2453 in
736 2424 871 2459 monte,
897 2414 960 2464 qui
991 2414 1076 2450 inde

454 2470 638 2509 Palatinus
655 2468 787 2509 didius,
805 2466 980 2516 oppidum
1002 2466 1079 2503 Pal-

453 2522 631 2566 lanteum,
675 2531 763 2557 mox
802 2517 1007 2556 Palantium
1044 2526 1079 2554 et

455 2572 638 2611 Palatium
678 2569 913 2621 appellatum,
953 2568 1080 2605 condi-

455 2626 527 2664 dit.
581 2623 712 2662 Fuerat
739 2622 817 2672 jam
845 2620 884 2657 in
919 2619 1081 2656 Arcadia

458 2675 675 2715 Pallantium
720 2685 847 2725 pagus,
904 2680 941 2708 et
983 2670 1078 2708 inter

458 2740 609 2781 proavos
625 2725 753 2767 Pallas,
780 2738 801 2762 a
814 2736 887 2774 quo
905 2722 942 2759 hi
963 2723 1078 2760 Arca-

457 2782 521 2820 des
537 2779 608 2816 orti
635 2777 807 2815 dicuntur
833 2778 974 2825 po'etae:
1017 2790 1078 2826 ge-

458 2849 519 2871 mzs
537 2848 561 2868 a
579 2829 753 2872 Pallante,
780 2828 818 2865 h.
844 2839 877 2865 e.
909 2825 1079 2863 Pallantis

458 2882 661 2933 progenie&
713 2880 819 2917 Idem
846 2889 975 2915 nomen
1002 2877 1078 2914 filio

465 2935 586 2972 htx-and
594 2934 620 2971 ri
632 2932 868 2984 impertitum.
888 2943 923 2967 v.
934 2928 1029 2969 Exc.
1044 2928 1079 2975 l,

921 2980 947 3019 6

726 1847 779 1878 57.
804 1839 873 1880 ripis
893 1836 965 1868 sane
980 1845 1096 1879 parum
1111 1834 1331 1872 commodum,
1351 1833 1535 1871 secundum,
1559 1833 1644 1864 intra
1664 1833 1762 1876 ripas3

1657 1886 1760 1919 alveo.

1137 1949 1176 1987 h.
1194 1948 1259 1987 lib.
1271 1948 1312 1985 In
1325 1946 1493 1985 Evandro
1501 1946 1764 1998 potuiffetpoe-

1137 2010 1175 2039 ta
1185 2001 1307 2038 omnia
1318 2000 1363 2037 ad
1373 1997 1764 2050 majoremadmiratio-

1138 2066 1218 2090 nem
1231 2054 1360 2090 struere
1377 2062 1412 2089 et
1428 2063 1563 2101 parare.
1592 2049 1764 2090 Evander

1138 2113 1247 2156 gente
1281 2102 1463 2154 Pelasgica
1488 2102 1663 2140 oriundus
1697 2103 1764 2141 vix

1140 2156 1331 2193 videbatur
1347 2155 1452 2192 bonae
1468 2152 1542 2205 spei
1560 2166 1602 2191 ac
1621 2154 1765 2197 fiducia:

1138 2208 1262 2245 locum
1293 2206 1490 2257 relinquere
1523 2205 1712 2256 Trojanis,
1737 2207 1764 2245 fi

1139 2268 1283 2309 repente
1297 2258 1334 2295 in
1345 2271 1425 2295 eum
1443 2256 1661 2295 incidissent.
1691 2258 1765 2296 Sed

1138 2312 1254 2362 poetae
1271 2310 1409 2360 placuit
1427 2309 1496 2346 alia
1514 2308 1622 2354 ratio,
1639 2319 1679 2347 ut
1696 2323 1764 2362 per

1139 2363 1303 2399 somnum
1333 2362 1407 2398 haec
1438 2360 1681 2405 denuntiaret,
1707 2370 1765 2399 ut-

1141 2427 1226 2464 que,
1252 2422 1400 2464 propter
1415 2412 1627 2449 Latinorum
1643 2412 1683 2450 in
1700 2413 1766 2451 ad—

1141 2478 1248 2502 venas
1269 2464 1432 2501 Arcadas
1447 2463 1548 2505 odia,
1574 2464 1765 2502 communi

1141 2515 1294 2568 periculi
1315 2525 1409 2552 metu
1425 2515 1607 2565 Trojanos
1630 2525 1667 2552 et
1691 2517 1766 2553 Ar·

1141 2568 1265 2611 cades,
1293 2566 1481 2617 Pelasgieae
1513 2566 1599 2604 licet
1632 2566 1767 2618 stirpis,

1144 2619 1182 2656 in
1200 2619 1318 2656 foedus
1333 2627 1370 2654 et
1387 2617 1591 2655 societatem
1611 2619 1766 2656 adduce-

1145 2680 1210 2709 ret.
1247 2670 1299 2708 cf.
1318 2669 1387 2707 inf.
1412 2681 1481 2719 ¹29
1500 2669 1553 2720 sq.
1607 2668 1656 2706 Et
1679 2681 1768 2707 vero

1145 2721 1291 2765 Achaei,
1317 2721 1342 2758 s1
1376 2720 1523 2771 propius
1555 2719 1766 2770 inspexeris,

1143 2774 1207 2825 qui
1253 2772 1406 2820 Trojam
1460 2782 1766 2823 expugnaverant„

1143 2824 1292 2863 diversae
1325 2823 1441 2874 stirpis
1474 2823 1568 2860 sunt.
1640 2835 1702 2875 53.
1730 2829 1767 2862 in

1142 2875 1316 2918 montibus,
1344 2884 1388 2912 ne
1412 2874 1611 2925 arguteris;
1639 2875 1702 2919 est,
1729 2879 1765 2914 in

1141 2938 1245 2969 monte
1263 2926 1453 2967 Palatium
1489 2935 1525 2964 et
1546 2939 1582 2965 v.
1615 2940 1661 2977 57
1683 2932 1767 2963 ree·

1622 2979 1766 3030 gramine
