1847 3313
409 255 826 339 AENEIDos‚
875 280 1027 330 LIB.
1073 280 1196 330 ΧΠ.
1354 279 1451 344 617

1391 415 1454 471 84

138 511 459 561 Circumstant
471 510 661 572 properi
682 509 878 571 aurigae,
902 505 1209 569 manibusque
1229 503 1452 552 laceffunt

136 600 331 649 Pectora
353 594 513 659 plausa
537 593 679 650 caviS‚
712 603 759 639 et
775 590 900 637 colla
924 590 1160 637 comantia
1183 592 1398 653 pestunt.

136 420 239 485 Qi
262 419 467 468 candore
490 419 622 465 nives
643 417 894 473 anteirent,
927 415 1138 462 cursibus
1161 428 1314 462 auras·

136 689 245 753 Ipse
268 685 437 735 dehinc
457 699 570 731 auro
593 681 879 745 squalentem
904 680 1105 742 alboque
1125 679 1367 726 orichalco

182 834 236 872 84.
263 835 330 878 Qu
345 831 462 863 c.alter
477 829 594 862 Hamb.
638 842 660 861 c.
693 841 785 859 amnes
809 826 912 859 schol.
945 828 1067 870 Cruqu.
1095 828 1213 862 Horat,
1242 828 1257 858 Ι
1284 828 1347 859 Sat.
1365 835 1396 866 7,
1418 826 1452 858 8-

143 885 242 928 Qlod
254 884 354 916 simile
371 882 446 914 effet
461 882 508 912 illi
523 892 531 912 :
555 882 634 921 cursu
646 882 834 921 praevertitur
852 879 1132 917 Hebrum.—85.
1158 881 1200 910 ,Et
1214 882 1312 909 circum
1321 887 1372 922 pr.
1391 879 1454 913 sec.

140 938 265 967 Moret.
304 941 422 977 propere
438 934 550 969 Rom„
573 939 605 962 et
622 931 675 961 alii
691 930 811 971 aliquot
828 940 877 971 ap.
896 929 996 966 Pier.,
1019 936 1054 959 ut
1072 929 1130 961 inf.
1158 940 1190 961 v.
1222 939 1301 969 573,
1323 937 1355 960 et
1379 929 1456 960 alibi

139 987 246 1018 variat
257 986 352 1018 leelio
373 985 452 1015 haee.
488 985 575 1025 pueri
604 984 709 1024 aurzgae
736 981 810 1012 Obl.
835 988 866 1011 et
887 980 990 1010 Vatic.
1021 980 1127 1011 Pierii.
1216 980 1267 1011 86.
1285 982 1365 1022 puls&
1382 981 1456 1011 edd.

142 1045 223 1068 vett.
243 1036 407 1078 pleraeque
426 1045 499 1064 cum
524 1032 601 1063 Ald.
630 1043 678 1073 pr.
705 1039 736 1062 et
766 1030 961 1072 sec.,‚s1cque
980 1030 1066 1060 Gud.
1081 1038 1111 1061 et
1130 1031 1266 1072 Menag.
1283 1042 1329 1072 pr.
1348 1032 1455 1072 Bigor,
1480 1038 1483 1041 ·

141 1099 216 1120 cum
231 1088 314 1118 binis
326 1085 426 1117 Goth.
472 1083 589 1115 Melius
619 1083 725 1114 caeteri
745 1093 818 1113 cum
844 1081 918 1112 Ald.
951 1087 1025 1111 tert.
1053 1088 1085 1111 et
1107 1081 1190 1122 seqq.
1201 1083 1313 1122 plazfit.
1360 1082 1457 1112 Alter

143 1139 266 1170 Hanlb.
285 1146 316 1169 et
334 1137 392 1167 Ed.
410 1146 458 1177 pr.
475 1136 586 1168 Burm.
603 1133 707 1176 clansz.
753 1136 884 1163 comantia
913 1131 965 1162 vel
994 1134 1127 1161 minantia
1158 1132 1189 1162 in
1220 1142 1324 1174 lnarg.
1351 1133 1454 1167 Goth,

139 1188 360 1228 tert.——87.
374 1188 518 1228 squalente
545 1185 642 1216 Goth.
661 1185 719 1215 sec.
763 1184 916 1214 aurichalco
941 1190 1030 1220 tert„
1052 1190 1129 1213 noto
1154 1194 1273 1221 errore,
1295 1195 1367 1214 cum
1390 1185 1456 1228 ‹3325-

140 1248 256 1283 χαλκας
273 1239 321 1270 fit.
352 1238 393 1268 cf.
417 1238 497 1269 Not.
530 1243 562 1268 et
578 1246 656 1278 quos
679 1234 712 1267 h.
741 1234 763 1266 l.
787 1234 896 1266 laudat
914 1234 1038 1273 Burm„
1060 1233 1206 1276 inprimis
1221 1235 1394 1278 Spauhem.
1409 1235 1453 1267 ad

142 1293 272 1326 Gallim.
289 1292 331 1322 L.
347 1291 387 1321 P.
409 1299 460 1331 19.

143 1402 268 1440 Boreae
297 1410 415 1438 autem
457 1411 547 1436 cura
591 1410 768 1449 equorum

143 1454 266 1492 laudes
285 1461 447 1504 repetunt
470 1455 587 1501 poetae
604 1467 613 1496 3
659 1450 768 1486 etiam

143 1505 342 1542 Homerus.
399 1503 497 1539 Nam
517 1501 770 1542 Erichthonio,

147 1555 312 1593 Dardani
342 1554 389 1598 f„
414 1563 514 1590 erant
531 1567 631 1603 equae
660 1565 680 1588 a
698 1553 768 1587 Bo-

145 1620 206 1645 rea
225 1609 314 1644 adeo
327 1607 365 1642 in
385 1618 516 1654 equum
535 1615 673 1640 mutato
685 1616 769 1653 pro-

147 1670 290 1710 gnatae:
335 1657 443 1695 Iliad.
477 1674 509 1700 v,
552 1669 622 1703 223
654 1655 767 1703 seqq.‚

149 1708 458 1761 quemadmodum
479 1706 634 1743 Achillis
659 1719 769 1755 equos

146 1774 193 1797 ex
213 1762 372 1799 Podarce
392 1759 559 1809 Harpyia
573 1758 768 1808 susceperat

149 1813 341 1864 Zephyrus
380 1810 487 1847 Iliad.
529 1826 570 1854 π,
616 1823 685 1860 ¹50
715 1808 766 1856 sq.

150 1865 246 1916 Qae
275 1863 397 1900 omnia
413 1860 630 1898 celeritatem
650 1859 770 1896 cursus

149 1915 362 1953 adumbrare
405 1912 485 1963 quis
523 1926 594 1948 non
643 1911 770 1947 videt?

150 1967 242 2004 Non
272 1967 362 2004 male
388 1975 506 2001 autern
525 1962 659 2000 Critici
677 1971 771 1998 vete-

149 2031 205 2056 res
221 2019 316 2068 apud
334 2017 496 2054 Servium
532 2022 559 2037 “
580 2014 770 2064 culparunt

150 2077 181 2094 “
199 2071 269 2107 hoc
299 2070 380 2106 loco
398 2065 618 2116 Virgilium,
645 2064 769 2101 dicen-

150 2128 180 2144 “
199 2132 249 2158 tes
265 2121 507 2169 incongruum
524 2119 590 2154 effe
619 2117 772 2166 figmen-

150 2179 180 2196 “
200 2183 290 2209 tum.
334 2171 504 2218 Namque
521 2169 771 2217 OrJthiacum

149 2231 180 2248 “
201 2221 425 2261 Atheniensis
443 2221 565 2262 fuerit,
592 2220 664 2257 filia
679 2218 771 2254 Ter-

152 2282 181 2300 “
202 2276 335 2326 rigenae
379 2271 623 2321 (Erechthei),
667 2280 702 2306 et
749 2282 769 2306 a

151 2333 180 2349 “
202 2328 316 2364 Borea
333 2326 371 2362 in
390 2323 587 2360 Thraciam
610 2331 705 2371 rapta
716 2320 771 2363 fit,

151 2385 181 2402 “
200 2376 503 2428 quemadmodum
549 2374 667 2425 potuit
714 2371 772 2406 Pi-

150 2436 180 2452 ‘⁶
202 2431 342 2471 lumno,
369 2427 430 2476 qui
465 2436 541 2464 erat
573 2425 612 2462 in
647 2424 770 2468 Italia,

150 2488 181 2504 “
201 2493 310 2530 equos
327 2480 412 2515 dare
428 2479 464 2514 ?'’
492 2477 639 2514 Scilicet
651 2488 771 2511 exem-

151 2533 253 2583 plum
284 2532 353 2568 hoc
379 2531 428 2566 ‘est
456 2529 536 2566 usus
567 2528 771 2576 mythorum

152 2583 293 2635 poe'tici
327 2581 422 2630 apud
469 2580 614 2616 seriores
649 2582 772 2627 poetas

152 2644 228 2671 tam
263 2633 390 2670 diversi
425 2631 471 2667 ab
509 2631 572 2667 usu
606 2629 770 2678 antiquo-

153 2684 303 2723 Maroni
338 2684 386 2721 est
421 2696 559 2719 merum
586 2693 772 2717 ornamen-

155 2748 233 2774 tum
262 2749 302 2772 ac
334 2736 540 2785 figmentum
561 2732 771 2782 poeticum3

157 2801 222 2825 nec
253 2788 298 2824 de
331 2785 587 2836 probabilitate
606 2783 773 2820 historica

151 2840 215 2879 ille
233 2839 371 2876 laborat
387 2851 396 2876 ;
426 2835 582 2887 antiquis
598 2847 680 2871 vero
699 2844 773 2871 erut

834 1395 1042 1447 phantasma
1074 1396 1113 1433 in
1146 1395 1306 1434 sermone
1333 1396 1456 1435 homi-

835 1450 890 1485 nis
909 1447 1132 1491 ἔνθεσιῶντος,
1153 1460 1190 1484 ut
1204 1449 1317 1486 ventis
1332 1460 1456 1488 natum

835 1500 973 1536 diceret
983 1512 1116 1549 equum
1131 1499 1233 1536 cursu
1248 1500 1374 1550 rapido
1389 1501 1459 1537 mi-

835 1551 999 1587 rabilem.
1088 1550 1296 1601 Progeniem
1345 1552 1456 1589 modo

835 1601 1022 1638 memorati
1050 1602 1198 1638 armenti
1222 1601 1455 1641 Erichthonii

833 1653 903 1689 huc
935 1662 1038 1689 vocat
1056 1653 1130 1701 Jul.
1163 1653 1339 1690 Sabinus:
1382 1667 1456 1691 non

834 1704 950 1754 magis
969 1705 1170 1742 commode.
1226 1704 1456 1742 Probabilio-

834 1768 871 1792 re
907 1758 1053 1791 invento
1086 1756 1309 1793 Penthesilea:
1345 1769 1456 1805 equos

834 1806 879 1843 ab
895 1806 1077 1855 Orythyia
1115 1807 1264 1844 donatos
1299 1808 1458 1845 narravit

836 1858 912 1909 Q.
966 1858 1120 1894 Calaber
1172 1872 1193 1895 a
1228 1860 1348 1895 Cerda
1379 1859 1456 1907 jam

834 1910 999 1946 laudatus
1026 1909 1092 1946 lib.
1126 1909 1159 1952 Ι,
1197 1911 1263 1960 165
1285 1910 1336 1959 sq.
1363 1911 1457 1948 decu:

835 1962 872 1998 h.
891 1962 915 1997 l.
935 1964 1049 2010 ιγέξκς,
1065 1961 1348 1998 munushonoris
1357 1962 1456 1998 caus-

835 2012 871 2048 sa
888 2013 1037 2055 datum3
1066 2025 1122 2061 ap.
1147 2012 1259 2050 Hom.
1291 2014 1455 2059 ἄγαλμα.

838 2067 898 2111 84.
925 2065 1002 2114 ‚Qci
1017 2079 1045 2101 c.
1061 2063 1200 2100 ornavit
1214 2064 1454 2102 Homericum

834 2115 942 2152 Iliad.
959 2134 993 2158 κ,
1006 2128 1094 2164 437.
1124 2115 1172 2151 cf.
1188 2115 1295 2152 Iliad.
1309 2131 1351 2157 ατ,
1373 2129 1456 2167 ¹49·

837 2184 874 2210 τ,
901 2181 990 2218 415.
1044 2169 1104 2216 85.
1134 2168 1308 2216 Lacffmt
1332 2167 1457 2216 plani:

836 2228 960 2255 ornate
976 2231 1039 2268 pro
1054 2218 1242 2267 plaudunt.
1271 2219 1368 2255 conf.
1383 2219 1456 2256 Ge.

836 2269 909 2310 HI,
932 2270 1016 2308 186.
1071 2268 1128 2304 De
1145 2281 1226 2306 voc.
1258 2269 1403 2321 laaffre
1421 2283 1455 2307 v.

835 2322 881 2357 ad
903 2320 956 2363 X,
982 2334 1038 2358 10.
1092 2334 1155 2370 97.
1171 2321 1377 2370 squalentem
1396 2337 1460 2357 mt-

836 2388 884 2415 ro,
911 2373 1164 2422 splendentem.
1194 2385 1226 2408 ν.
1247 2372 1322 2422 sup.
1339 2373 1385 2408 ad
1401 2372 1457 2415 X,

837 2437 923 2472 314.
977 2423 1052 2460 albo
1070 2422 1242 2460 orichalco.
1296 2424 1391 2460 Cum
1411 2424 1457 2459 de

839 2474 992 2511 metallis
1026 2476 1175 2511 omnino
1218 2475 1344 2518 multa,
1389 2475 1458 2512 fide

840 2539 963 2575 parum
1015 2527 1212 2574 explorata,
1264 2525 1460 2563 crediderit

839 2578 986 2612 vetustas
1005 2591 1014 2612 ε
1041 2578 1150 2612 etiam
1182 2577 1374 2626 pretiosum
1394 2576 1460 2612 ali-

841 2628 939 2677 quod
959 2638 993 2663 et
1012 2641 1099 2664 auro
1112 2628 1316 2677 proximum
1337 2629 1458 2664 metal-

840 2679 916 2715 lum
950 2689 1093 2715 narrant
1110 2683 1227 2728 poeta:
1245 2682 1457 2729 ὁξείχκλκον,

841 2744 873 2767 v.
903 2743 935 2766 c.
972 2730 1111 2778 Hymn.
1146 2729 1299 2768 Homer.
1339 2731 1386 2775 V,
1419 2745 1458 2780 9,

841 2782 933 2817 male
952 2794 971 2816 a
990 2781 1171 2817 nonnullis
1199 2783 1377 2818 redditum
1397 2795 1459 2817 au-

842 2833 1054 2870 richalcum.
1082 2832 1130 2870 cf.
1150 2832 1188 2870 h.
1209 2833 1233 2871 1.
1253 2836 1348 2871 Serv.
1393 2834 1460 2883 ΖΕ-

1411 2897 1460 2921 ris
