1847 3313
267 312 362 380 με
619 293 1132 351 EXCURSUS
1187 289 1265 349 1‘11

272 434 411 476 (iuxere
425 432 636 485 Dionysius,
663 425 807 474 Livius,
822 429 956 468 Viftor
973 428 1025 466 O.
1041 427 1094 465 G.
1113 426 1163 466 R.
1176 435 1213 465 et
1227 423 1343 466 Ovid.
1361 425 1457 465 Met.
1474 418 1593 469 XIV,

270 501 346 548 609
365 499 458 548 sqq„
483 496 570 532 item
589 492 776 542 Syncellus
789 499 824 527 et
837 487 1024 526 Eusebius.
1053 485 1277 524 Memoravit
1294 486 1404 523 Maro
1418 484 1597 529 Silvium,

269 555 441 601 Promm,
459 557 604 607 Capyn,
620 551 855 590 Numitorem
871 558 907 587 et
924 547 1076 585 Silvium
1095 546 1268 584 AEneam:
1297 546 1364 584 lib.
1378 545 1451 588 VI,
1463 545 1593 596 760-

271 633 364 672 770,
393 616 544 667 repetito
563 612 669 653 Silvii
690 609 853 653 nomine,
879 606 1176 659 quandoquidem
1190 621 1292 644 omnes
1309 615 1512 658 cognomento
1523 603 1594 642 Sil-

271 685 330 716 vii
354 681 450 728 usque
480 677 530 713 ad
558 673 719 712 conditam
754 670 892 706 Romam
917 666 1022 705 Albae
1057 676 1303 718 regnaverunt,
1329 676 1367 702 ut
1384 666 1596 715 qstscriptum

277 738 409 778 Annal.
436 733 630 786 Pontg'ficczl.
647 731 708 770 lib.
731 731 790 768 IV
813 727 913 779 apud
935 727 1078 766 Vistor.
1110 726 1161 765 O.
1190 727 1245 764 G.
1271 727 1320 763 R.
1354 731 1415 776 17.
1471 723 1599 762 Etiam

277 799 463 851 Thybris„
483 797 546 848 qui
565 793 645 832 aliis
665 791 885 833 Tiberinus,
905 798 990 827 ante
1009 788 1185 826 Latinum
1204 796 1342 830 tamen,
1370 795 1600 824 memoratur

278 860 347 900 lib.
380 859 418 897 V
422 858 499 899 ΠΙ,
533 867 609 907 330
640 850 727 890 Tum
746 865 854 901 reges,
873 853 1030 900 asperque
1051 852 1188 886 immani
1206 857 1338 897 corpore
1355 845 1506 897 Thybris
1519 860 1534 884 .·
1562 843 1604 884 A

279 936 340 972 quo
358 922 430 971 pst
449 917 539 955 Itali
558 917 717 966 fluvium
737 914 923 962 cognomine
951 908 1108 962 Thybrin
1127 910 1289 946 Diximus
1306 922 1320 946 :
1349 910 1418 945 ami
1430 919 1458 946 tt
1476 921 1601 945 verum

277 994 382 1021 vetus
403 979 533 1018 Albula
552 991 676 1016 nemen.
730 974 852 1012 Vetus
877 972 954 1010 haec
969 971 1042 1009 fuit
1059 969 1364 1010 commemoratio
1381 969 1428 1006 de
1447 968 1601 1006 Tiberis

277 1043 429 1081 nomine
446 1056 457 1085 3
499 1037 549 1079 L.
583 1034 759 1076 Cincium
776 1044 814 1071 et
844 1034 906 1083 (Q
929 1031 1119 1069 Lutatium
1136 1031 1311 1069 Catulum
1330 1030 1516 1067 aue‘torem
1534 1041 1600 1067 ex*

281 1103 376 1142 citat
390 1102 522 1141 Vie'mr
541 1099 594 1136 O.
610 1096 663 1134 G.
682 1095 729 1131 R.
764 1095 825 1136 18,
854 1092 900 1129 ad
920 1105 1048 1129 eorum
1068 1090 1196 1128 saltem
1223 1088 1349 1133 fidem,
1375 1102 1466 1140 quos
1485 1089 1599 1129 homo

279 1164 483 1215 exscripfit.
537 1158 604 1197 Cf.
622 1154 776 1203 Dionys.
793 1155 828 1194 I,
850 1166 912 1204 71.
969 1152 1007 1189 Si
1028 1151 1220 1202 Syncellus
1238 1164 1275 1202 p.
1309 1162 1376 1200 171
1411 1151 1440 1188 B
1462 1161 1546 1188 ante
1562 1151 1598 1190 se

280 1226 413 1266 habuit
432 1223 620 1262 auctorem
639 1225 823 1255 veterem,
842 1226 1055 1265 cognomen
1074 1212 1205 1251 Albani
1219 1211 1298 1260 jam
1313 1212 1490 1249 Saturnus
1503 1211 1602 1251 inter

281 1287 438 1327 Latinos
464 1279 610 1320 habuit.
667 1276 729 1315 Ab
758 1275 861 1312 Alba
893 1287 1058 1325 quoque,
1086 1283 1276 1323 tamquam
1303 1271 1424 1322 prisco
1449 1272 1606 1312 Tiberis

282 1346 446 1388 nomine,
485 1341 623 1380 Albam
652 1339 844 1386 Longam,
878 1335 943 1373 etfi
970 1334 1055 1372 satis
1081 1334 1194 1385 longe
1213 1346 1235 1371 a
1253 1332 1387 1370 Tiberi
1405 1344 1606 1375 remotam,

281 1420 420 1448 nomen
451 1401 629 1453 accepisse
659 1396 890 1436 tradiderant
918 1394 1100 1439 nonnulli,
1127 1402 1170 1432 ut
1198 1405 1247 1432 ex
1280 1392 1457 1433 Diodoro
1480 1393 1608 1433 Siculo

283 1469 476 1523 Syncellus
495 1479 532 1516 p.
559 1475 633 1513 194
650 1461 684 1498 C
704 1457 866 1498 notavit.

336 1528 528 1569 Tandem,
558 1534 598 1561 ut
616 1519 806 1571 superiora
825 1517 971 1557 facilius
996 1512 1122 1556 animo
1149 1508 1465 1569 comprehendere
1481 1513 1608 1562 liceat,

282 1601 400 1644 utque
418 1597 657 1641 pertexamus
677 1593 859 1619 annorum
877 1580 985 1630 supra
1004 1580 1080 1618 To.
1102 1580 1143 1617 II
1163 1577 1318 1617 Excurs.
1337 1578 1378 1615 ΙΙ
1396 1577 1443 1615 ad
1460 1577 1528 1615 lib.
1547 1576 1608 1614 III

279 1651 498 1691 inchoatam
510 1645 654 1687 seriem,
673 1641 802 1694 paucis
820 1641 1031 1679 notationes
1050 1639 1286 1689 subjiciemus
1300 1648 1532 1688 temporum,
1558 1636 1609 1676 ad.

285 1728 370 1766 quae
384 1726 441 1750 res
460 1710 533 1748 istae
553 1703 721 1745 revocari
739 1703 869 1740 solent.
925 1701 1092 1739 Omnino
1110 1700 1319 1739 notationes
1344 1699 1424 1737 illas
1448 1698 1609 1750 scripto-

283 1787 386 1816 rum,
422 1770 487 1823 qui
512 1765 637 1806 multis
657 1763 736 1814 post
764 1761 902 1800 saeculis
922 1761 1092 1812 antiquas
1121 1773 1179 1798 res
1205 1759 1423 1798 constituere
1437 1767 1476 1796 et
1502 1757 1610 1796 annis

283 1834 386 1873 finire
405 1833 617 1870 voluerunt,
650 1838 764 1876 opera
783 1824 897 1862 saetas
917 1821 1148 1860 statuendum
1168 1822 1219 1859 est
1240 1835 1252 1858 :
1293 1832 1379 1858 nam
1406 1819 1609 1869 πατςόῧοται

283 1891 364 1936 illa,
393 1902 430 1929 et
449 1904 518 1942 per
538 1887 682 1937 aliquot
700 1883 915 1921 saeculorum
941 1881 1136 1920 decursum
1160 1889 1309 1932 patrum
1329 1879 1540 1918 narratione
1559 1879 1609 1918 ad

283 1953 537 2005 posteritatem
568 1944 783 1987 transmissa,
826 1952 865 1981 et
896 1952 1052 1994 propter
1080 1941 1152 1980 hoe
1180 1940 1296 1991 ipsum
1315 1940 1354 1978 in
1379 1950 1457 1977 tam
1485 1940 1611 1978 multis

284 2014 447 2056 variata,
475 2011 542 2048 vix
558 2006 661 2045 annis
680 2003 750 2042 suis
770 2014 848 2042 tam
865 2011 1040 2041 accurate
1059 2001 1208 2052 alligari
1233 2000 1313 2049 jam
1333 2011 1411 2038 tum
1437 2010 1609 2050 potuere,

285 2088 373 2112 cum
405 2072 568 2124 primum
597 2080 617 2105 a
645 2063 772 2117 priscis
797 2062 1008 2101 hominibus
1027 2072 1175 2099 narrata
1200 2059 1296 2098 sunt.
1351 2061 1485 2111 Neque
1514 2061 1613 2099 adeo

284 2134 414 2174 mirari
433 2132 626 2171 debemu5‚
655 2126 681 2164 fi
699 2125 764 2162 hos
783 2123 878 2176 ipsos
905 2135 1021 2161 annos
1043 2123 1238 2160 fluctuante
1256 2119 1455 2158 admodum
1475 2121 1546 2159 fide
1573 2129 1611 2160 et

287 2194 508 2234 auetoritate
541 2186 756 2228 constitutos
784 2184 1004 2222 viderimus.
1061 2184 1176 2232 Juvat
1211 2191 1338 2219 tamen
1372 2180 1535 2219 rationes
1567 2189 1612 2218 ac

287 2255 421 2296 modus
453 2248 638 2304 persequi,
675 2244 808 2296 quibus
841 2245 919 2283 haec
951 2243 1096 2295 digeffit
1123 2240 1354 2280 subtiliorum
1389 2240 1611 2293 scriptorum

285 2313 497 2367 diligentia.

341 2378 444 2415 Inter
472 2374 553 2411 haee
577 2366 797 2410 tenendum,
830 2364 932 2417 quod
959 2362 1156 2413 scriptores
1184 2360 1295 2398 tertio
1323 2361 1370 2399 ab
1391 2360 1514 2400 exciso
1537 2360 1612 2398 Ilio

289 2448 388 2474 anno
406 2435 542 2472 fae'tum
560 2429 679 2471 aiunt,
709 2437 748 2464 ut
776 2425 914 2463 AEneas
934 2423 981 2461 ad
1010 2421 1161 2461 Italiam
1191 2422 1394 2466 accesserit,
1421 2423 1493 2460 hoe
1520 2422 1614 2460 Vir·

289 2496 424 2548 gilium
443 2494 480 2532 in
498 2491 695 2542 septimum
714 2486 887 2537 rejicere,
905 2484 944 2523 id
964 2483 1065 2536 quod
1083 2482 1191 2534 supra
1212 2482 1307 2520 Exc.
1337 2483 1378 2521 ΙΙ
1394 2481 1441 2520 ad
1461 2481 1528 2520 lib.
1547 2481 1611 2521 ΙΙΙ

287 2556 468 2594 vidimus.
522 2554 656 2601 ltaque

577 2624 612 2648 a.
641 2609 690 2647 C.
710 2607 764 2647 N.
799 2607 916 2656 1178.
969 2604 1101 2642 Error.
1128 2601 1256 2640 AEneae
1283 2614 1323 2653 7.

292 2675 371 2715 Sub
401 2671 532 2713 aestatis
563 2670 717 2711 exitum,
751 2665 799 2704 ad
816 2663 976 2716 Virgilii
995 2675 1173 2705 mentem,
1200 2660 1361 2711 Trojani
1391 2661 1535 2701 claffern
1566 2659 1613 2699 ad

290 2737 522 2776 Laurentum
559 2729 777 2782 appellunt:
823 2723 971 2763 escensu
1007 2723 1105 2762 faeie
1135 2722 1256 2771 Troja
1284 2734 1383 2759 nova
1418 2721 1581 2760 munitur
1604 2735 1616 2758 2

287 2795 410 2837 foedus
429 2806 515 2833 eum
536 2790 671 2832 Latino
690 2788 827 2827 fanum
842 2782 1044 2837 repentinis
1064 2782 1272 2822 animorum
1291 2780 1481 2822 discordiis
1510 2794 1613 2819 rum-

1487 2851 1613 2893 piturz
