1847 3313
401 293 497 359 364
594 287 648 335 P.
691 275 1070 333 VIRGILI'I
1127 275 1512 325 MA'RONIS

398 427 466 474 Et
486 421 698 482 Clytium
714 414 952 470 AEoliden,
985 424 1029 460 et
1043 411 1251 459 amicum
1270 409 1471 456 Crethea
1486 405 1637 453 Musis
1655 428 1672 459 ς

403 511 603 561 Crethea
632 505 879 552 Musarum
909 501 1152 555 comitem,
1188 498 1266 546 cui
1295 497 1505 544 carmina
1523 496 1708 558 semper

397 603 464 651 Et
475 601 671 648 citharae
686 595 832 651 cordi,
844 589 1154 651 numerosque
1166 589 1406 636 intendere
1421 588 1594 634 nervis:
1611 584 1703 647 776

400 694 599 754 Semper
639 699 799 748 equos,
854 694 994 745 atque
1035 693 1165 725 arma
1209 677 1386 734 virum,
1434 675 1708 740 pugnasque

593 774 807 825 canebat.
1068 829 1070 831 Ι

466 864 688 915 Tandem
702 860 933 916 ductores,
967 858 1127 905 audita
1151 856 1281 904 caede
1305 855 1511 913 suorum,

405 956 708 1011 Conveniunt
730 950 921 1006 Teucri,
941 948 1216 995 Mnestheus
1233 962 1430 1008 acerque
1454 946 1655 994 Serestus
1674 970 1689 1001 ς

406 1047 706 1110 Palantisque
715 1042 877 1090 vident
887 1040 1051 1096 sociOS,
1061 1038 1335 1100 hostemque
1345 1050 1605 1100 receptum.
1618 1054 1644 1099 7
1654 1043 1716 1085 80

406 1145 474 1192 Et
499 1137 773 1187 Mnestheus
793 1151 805 1180 ε
839 1129 1146 1196 Qodeinde
1171 1126 1351 1192 fugam,
1371 1145 1466 1191 quo
1488 1128 1715 1176 tenditis?

604 1228 780 1298 inquit.

414 1384 488 1411 tert.
512 1375 651 1420 [Tingere
673 1370 835 1403 Bentleius
850 1369 890 1400 ad
905 1369 1028 1400 Lucan.
1048 1368 1103 1404 111,
1116 1365 1210 1409 266.]
1248 1364 1309 1396 Hie
1325 1365 1409 1396 dicat
1425 1364 1549 1407 aliquis,
1575 1365 1630 1406 qui
1645 1365 1726 1396 tales

412 1429 542 1465 delicias
556 1425 704 1460 sedatur,
718 1421 807 1453 fuisse
823 1421 976 1461 scriptum
993 1421 1123 1460 Fingere.
1168 1411 1251 1447 Illud
1264 1426 1340 1446 vcro
1357 1415 1494 1452 mireris,
1507 1414 1630 1457 Julium
1647 1415 1733 1446 Sab.'

415 1482 449 1512 in
462 1480 516 1511 suo
530 1475 670 1508 habuisse
693 1476 836 1516 Urguere,
867 1471 963 1512 idque
979 1469 1162 1505 defendere,
1186 1476 1222 1499 ut
1242 1467 1279 1498 sit
1295 1467 1418 1497 dietum
1434 1473 1469 1497 ut
1482 1467 1632 1509 falguere.

416 1541 491 1574 774.
516 1530 651 1564 Clutium,
666 1526 800 1568 Cssycium,
816 1523 924 1565 Clyt-ion
952 1521 1018 1559 alii,
1040 1521 1077 1552 it.
1126 1520 1280 1551 Gluttium.
1327 1519 1430 1549 dmum
1457 1519 1558 1549 Eolide
1585 1517 1724 1551 Dorvill,

415 1588 570 1620 ——775-
593 1579 691 1609 Cretea
712 1582 787 1606 ante
802 1573 909 1604 Heins.
958 1573 1082 1604 Crathca
1109 1580 1163 1611 qu.
1198 1570 1330 1606 Moret„
1354 1568 1407 1599 sed
1433 1568 1476 1599 est
1502 1568 1634 1611 3323263.

417 1632 494 1673 776.
520 1642 574 1674 que
594 1627 678 1659 abest
694 1637 748 1667 qu.
765 1626 889 1655 Moret.
936 1623 1076 1654 incendere
1088 1621 1383 1662 Hugen.—-777.
1409 1617 1473 1649 Vix
1500 1618 1658 1660 Virgilius
1682 1619 1728 1649 se-

420 1682 533 1719 cundis
553 1679 635 1712 curis
652 1677 736 1708 huuc
751 1675 879 1706 versum
893 1674 963 1704 loco
980 1672 1150 1707 relidiurus
1165 1668 1442 1709 fuiffet.-—778.
1467 1682 1486 1701 a
1501 1682 1570 1700 voce
1594 1671 1724 1702 zulich.

417 1748 494 1769 am,
514 1728 725 1776 pr.—-—-780.
749 1728 923 1770 Pallentesq.
948 1725 1082 1765 Nsenag.
1114 1733 1161 1764 pr.
1254 1720 1326 1760 781.
1351 1721 1433 1758 ‘Tunc
1448 1722 1500 1752 M.
1525 1721 1625 1754 Goth.
1652 1731 1728 1761 tert.

421 1791 490 1833 Qo
504 1784 606 1825 indes.
630 1784 713 1823 Reg.
732 1778 879 1810 Heinsius
893 1776 1059 1818 eleganter
1080 1773 1172 1817 jungi
1188 1772 1320 1815 putabat
1340 1782 1365 1817 :—
1384 1785 1437 1816 quo
1463 1772 1560 1804 deinde
1589 1774 1691 1817 fugam
1707 1777 1727 1806 ?

420 1839 473 1872 cui
487 1839 572 1869 bono
586 1834 697 1876 fugam
711 1830 722 1862 ?
746 1829 806 1861 Sed
818 1829 878 1859 hoc
890 1827 943 1858 vix
955 1826 1079 1868 placere
1097 1824 1199 1867 potest
1215 1834 1280 1865 prae
1297 1822 1430 1864 vulgato
1446 1833 1454 1852 τ
1480 1835 1532 1865 quo
1547 1810 1655 1862 deinde,
1680 1824 1729 1855 ul-

421 1892 532 1926 terius,
543 1889 665 1931 fugam,
679 1895 732 1927 quo
748 1881 858 1913 tenditis
873 1882 891 1910 ,9
929 1880 1014 1910 Vcn.
1033 1885 1064 1908 et
1083 1874 1248 1906 Montalb.
1263 1875 1357 1917 fuga.
1399 1873 1527 1904 Monuit
1544 1861 1652 1906 tamen
1664 1876 1731 1919 ipse

423 1940 536 1975 'Heins-
564 1937 673 1970 tendere
685 1934 796 1977 fugam
812 1930 936 1962 dietum
952 1928 1024 1968 effe,
1038 1935 1086 1967 ut,
1101 1927 1211 1959 tendere
1225 1927 1288 1964 iter,
1295 1926 1425 1969 greffum,
1439 1925 1558 1969 cursum.

422 2065 575 2117 jef'tum,
600 2059 769 2112 quoniam
789 2058 835 2096 de
860 2056 989 2108 peritia
1007 2070 1045 2092 a-

1112 2054 1152 2092 in
1166 2063 1313 2105 promtu
1329 2053 1390 2091 est.
1419 2056 1506 2104 776.
1519 2052 1670 2103 Proprie
1678 2059 1734 2089 in-

414 2126 528 2168 igltur
549 2132 558 2160 3
587 2115 634 2151 ἷὲς
667 2110 846 2162 χξιέσιῧαι,
878 2121 949 2145 non
981 2107 1046 2144 nisl

1112 2109 1295 2144 tenduntur
1325 2111 1430 2142 nervi
1458 2105 1515 2141 seu
1535 2105 1636 2149 fides,
1671 2104 1734 2141 sed

428 2168 627 2205 admodum
664 2163 897 2201 barbarorum
930 2173 1048 2210 popu-

427 2221 548 2257 lor-um
584 2230 676 2259 mm,
713 2215 751 2252 in
772 2212 888 2251 Iliade
908 2212 970 2248 vix
989 2223 1049 2246 oc-

431 2271 562 2312 currit,
576 2268 636 2306 sed
648 2267 685 2304 in
701 2265 776 2302 Od.
791 2275 828 2309 λ,
842 2267 928 2303 260.
977 2276 1053 2312 774

431 2324 487 2372 sq.
519 2321 640 2358 suaves
665 2318 783 2356 versus
818 2316 863 2352 de
893 2314 1052 2350 Cretheo

432 2373 568 2424 lyrico,
602 2383 755 2421 quorum
782 2367 951 2419 praeclara
969 2364 1054 2401 imi-

434 2425 528 2463 tatio
551 2423 598 2460 est
616 2423 654 2458 in
682 2420 847 2457 Leonida
866 2415 1052 2458 Gloverii,

435 2477 503 2515 ubi
515 2475 560 2512 de
580 2473 790 2510 Aristandro
802 2471 872 2513 IV,
888 2483 929 2506 21
941 2481 959 2516 3
976 2467 1054 2517 sqq.

439 2528 520 2577 (lib.
551 2525 605 2570 V,
633 2527 738 2574 239).
792 2522 876 2560 Fuit
893 2520 951 2557 vir
967 2520 1054 2556 doc-

438 2590 511 2624 tus,
545 2576 607 2627 qui
627 2574 823 2612 Horatium
841 2570 971 2622 respici
989 2584 1058 2620 pu-

439 2641 546 2674 taret,
561 2641 604 2665 ne
622 2631 740 2678 po'eltae
755 2624 980 2662 amicissimus
993 2623 1058 2658 ho-

441 2695 503 2719 mo
515 2681 619 2733 plane
633 2680 670 2715 in
686 2675 910 2714 Maronianis
926 2673 1057 2711 carmi-

443 2733 549 2770 nibus
559 2729 756 2781 praeteritus
771 2729 965 2765 videretur.
987 2725 1057 2762 Sed

444 2784 531 2827 talia
548 2782 721 2825 affirmare
736 2790 772 2819 et
789 2779 947 2819 refellere
961 2789 1059 2829 :eque

1114 2172 1196 2195 cum
1215 2157 1261 2194 iis
1279 2157 1360 2207 ipsis
1386 2156 1621 2194 intenduntur
1641 2159 1734 2204 fimi,

1114 2222 1181 2260 pro
1199 2209 1330 2258 quibus
1348 2207 1486 2244 doftius
1504 2222 1650 2245 numeros
1667 2219 1734 2257 poa<

1116 2260 1188 2298 suit
1203 2272 1212 2296 t
1233 2259 1313 2297 sunt
1331 2259 1430 2296 enim
1448 2258 1527 2295 soni
1543 2257 1736 2301 numerosi,

1118 2312 1143 2349 fi
1174 2320 1249 2348 arte
1279 2310 1486 2348 eliciuntur.
1551 2326 1658 2361 equos,
1695 2318 1736 2347 ut

1120 2362 1360 2400 Homericum
1377 2363 1495 2404 Ξὲππες,
1512 2375 1636 2399 currus
1654 2360 1737 2397 dix-

1119 2414 1171 2451 it:
1201 2427 1273 2450 non
1289 2415 1462 2463 equestres
1480 2413 1600 2450 cursus
1613 2427 1624 2457 3
1653 2424 1737 2449 narn

1119 2465 1246 2517 adjicit
1271 2480 1373 2502 arma}
1397 2475 1432 2502 et
1453 2474 1602 2517 pugnas.

1172 2519 1260 2569 778.
1301 2514 1465 2554 Tandem.
1508 2517 1603 2553 Bene
1638 2514 1738 2553 Serv.

1121 2576 1150 2593 “
1170 2570 1295 2606 Servat
1316 2569 1353 2604 τὸ
1371 2570 1506 2617 πξέπον,
1526 2580 1570 2604 ne
1587 2567 1739 2618 praesen-

1122 2621 1220 2657 tibus
1237 2619 1391 2656 ducibus
1415 2620 1563 2656 Turnus
1585 2627 1638 2656 tot
1656 2619 1741 2655 stra-

1123 2684 1184 2723 ges
1218 2670 1337 2708 fecisse
1376 2670 1579 2709 videatur.’'
1650 2672 1738 2720 73¹*

1123 2726 1213 2773 782.
1261 2721 1412 2772 Ajacem
1447 2722 1508 2759 hic
1542 2721 1663 2760 reddit
1694 2732 1738 2756 ex

1124 2775 1233 2815 Iliad.
1260 2793 1291 2820 o,
1320 2787 1340 2825 7
1348 2787 1392 2826 ΞΖ
1421 2773 1519 2825 seqq.
1566 2775 1624 2812 Ἧέ
1650 2773 1742 2809 τινάς

1637 2834 1745 2875 φαμεν
