1847 3313
393 263 481 312 152
755 251 1231 302 EXCURSUS
1288 253 1332 302 V

394 378 539 424 Tibur3
567 381 612 417 de
631 393 702 430 quo
718 394 752 419 v.
773 381 838 418 lib.
860 381 946 421 VII.
969 384 1013 419 82
1036 383 1111 434 sqq.
1132 400 1142 429 ;
1183 384 1228 421 ab
1244 398 1287 422 eo
1306 385 1404 422 enim
1431 392 1615 435 acceptum
1634 393 1703 420 noa

393 437 466 474 bile
488 437 577 475 illud
600 438 799 490 responsum
819 441 864 477 de
892 440 1058 478 Lavinia.
1113 442 1362 490 Symbolicum
1396 457 1541 494 quoque
1571 452 1703 479 nomen

393 496 441 533 est
462 497 584 535 Fatum
601 511 666 548 pro
698 511 810 535 uxore
832 498 943 536 Fauni
969 499 1103 537 habitae
1122 500 1241 537 futura
1262 500 1526 552 praemonentis.
1566 514 1601 537 V.
1620 497 1704 548 Jus-

396 553 464 594 tin.
487 555 635 601 XLIJI,
668 571 700 595 1.
755 556 938 595 Videntur
963 568 1079 595 autem
1102 560 1246 596 oracula
1278 560 1339 596 illa
1359 560 1569 611 aliquando,
1596 558 1707 596 serius

395 613 504 658 forte,
532 615 684 653 versibus
709 617 858 654 rudibus
876 617 976 655 fuisse
995 618 1149 663 reddita,
1176 619 1273 668 quod
1305 619 1469 657 versuum
1497 632 1609 671 genus
1638 619 1705 655 Sa-

396 679 518 712 turnios
537 677 757 726 appellarunt
774 688 905 714 veteres
923 691 932 714 z
973 679 1023 715 cf.
1046 677 1163 715 Varro
1184 678 1261 715 LL.
1295 678 1366 721 VI,
1402 693 1437 728 3.
1496 677 1709 718 lncsnditos

397 734 515 772 versus
550 741 737 786 poetarum
770 737 990 788 superiorum
1026 738 1163 777 Ennius
1195 739 1387 778 vellicabat
1424 741 1494 777 hoc
1531 738 1678 776 nornine
1691 750 1703 774 z

382 798 543 845 finvpſs‘re
557 797 621 834 alii
634 815 701 838 rem
719 801 752 835 V
748 799 885 850 erfibus,
910 815 982 851 quos
999 799 1072 837 olim
1089 800 1220 837 Faunei
1238 802 1270 836 V
1267 805 1406 852 ategsque
1424 800 1601 839 canebant.

453 854 539 893 Hoc
559 871 690 896 numen
721 859 878 896 Romani
908 859 954 896 de
987 858 1081 897 Pane
1112 859 1323 897 Graecorum
1357 859 1579 910 interpretati
1598 857 1707 904 sumt

399 913 485 951 inde
501 917 610 954 etiam
631 917 772 957 Faunos
792 922 842 967 (v.
862 919 946 956 AEn.
965 918 1079 964 VIII,
1096 924 1158 969 34)
1175 920 1220 956 ad
1241 932 1376 959 morem
1398 919 1536 956 Panum
1551 928 1586 955 et
1603 919 1707 966 Saty-

399 986 522 1013 rorum
541 978 803 1028 produxerunt.
858 979 1190 1019 Grammaticorum
1221 990 1425 1017 commenta
1456 992 1530 1018 non
1558 977 1708 1028 attingi-

400 1048 501 1073 mus:
543 1052 578 1075 ν.
601 1038 730 1077 Victor
757 1039 807 1077 O.
827 1039 879 1077 G.
899 1039 946 1077 R.
965 1053 997 1077 c.
1017 1052 1055 1088 4.
1111 1040 1245 1078 Habiti
1285 1040 1396 1077 Fauni
1431 1040 1524 1076 inter
1558 1037 1713 1076 comites

400 1093 537 1134 Bacchi
556 1106 590 1135 et
609 1098 711 1150 orgia
729 1099 960 1144 celebrantes,
987 1099 1096 1137 etiam
1117 1099 1155 1136 in
1173 1100 1259 1137 artis
1279 1098 1472 1151 operibus:
1509 1111 1581 1149 qua
1606 1097 1651 1135 de
1670 1109 1708 1135 re

400 1154 542 1206 egimus
561 1157 599 1195 in
619 1159 796 1210 Anfiqzmr.
816 1157 993 1197 Abhandl.
1012 1171 1046 1202 c,
1065 1158 1118 1204 II,
1146 1173 1181 1209 p,
1205 1172 1247 1210 53
1269 1152 1346 1210 sqq.

454 1213 544 1252 Inde
569 1215 663 1254 inter
694 1218 830 1267 priscos
846 1217 960 1255 Italiae
978 1217 1034 1254 seu
1056 1217 1154 1254 Latii
1175 1231 1272 1268 reges
1302 1218 1398 1254 idern
1419 1215 1560 1253 Faunus
1581 1215 1711 1253 relatus

401 1273 465 1318 est,
492 1275 601 1312 modo
620 1276 750 1314 Martis
780 1277 891 1314 modo
918 1276 997 1321 Pici
1015 1277 1158 1314 habitus
1176 1277 1286 1322 filius,
1313 1278 1411 1327 quod
1431 1275 1614 1326 Virgilius
1633 1288 1708 1313 am-

402 1333 527 1383 plexus
544 1335 588 1371 est
604 1336 628 1373 l.
649 1349 683 1374 c.
737 1336 792 1373 Eo
813 1345 981 1386 regnante
1000 1336 1167 1373 Evander
1183 1350 1226 1373 ex
1247 1336 1406 1373 Arcadia
1426 1335 1464 1372 in
1482 1334 1624 1371 Italiam
1647 1347 1710 1371 ve-

402 1391 489 1430 nisse
505 1394 694 1434 ferebatur.
722 1410 758 1434 v.
779 1395 932 1446 Dionys.
952 1395 984 1440 I,
1004 1409 1066 1445 31,
1093 1395 1221 1444 Justin.
1242 1395 1391 1439 XLIII,
1415 1409 1449 1439 ι,
1476 1394 1527 1432 Ο.
1550 1393 1588 1432 Ρ.
1604 1394 1649 1430 R.
1674 1408 1711 1445 ς..
1735 1407 1739 1410 ’

404 1452 679 1492 Constituerunt
698 1455 787 1495 adeo
803 1454 916 1505 inepti
935 1454 1095 1492 homines
1107 1467 1282 1492 annorum
1297 1467 1502 1498 numerum,
1529 1465 1617 1503 quos
1631 1466 1711 1505 reg-

402 1514 543 1552 naverit
563 1514 703 1552 Faunus
721 1529 803 1553 cum
818 1515 954 1552 caeteris
972 1514 1128 1566 regibus.
1183 1514 1339 1564 Syncell.
1357 1528 1394 1564 p.
1419 1527 1502 1565 171.

457 1573 513 1611 Ex
531 1573 655 1613 Fauno
672 1585 707 1613 et
723 1574 867 1612 Marcia
884 1575 1059 1625 Nympha
1077 1576 1224 1613 Latinus
1243 1584 1344 1611 natus
1360 1575 1422 1618 est,
1449 1586 1522 1624 quo
1543 1584 1714 1625 regnante

405 1632 536 1671 AEneas
554 1635 597 1672 ad
616 1636 690 1673 haec
704 1636 783 1673 loca
802 1634 912 1673 venit.
967 1637 1066 1673 Hunc
1085 1637 1202 1673 Fauno
1236 1646 1266 1672 et
1293 1635 1438 1686 nympha
1451 1641 1600 1688 genitum
1618 1636 1712 1673 Lau.-

402 1704 494 1730 rente
510 1693 649 1734 Marica
668 1697 863 1746 Accipimus.
921 1694 1005 1732 Fuit
1030 1705 1148 1733 autem
1166 1695 1304 1733 Marica
1324 1693 1390 1731 dea
1409 1693 1715 1739 Minturnenfium

405 1752 450 1789 ad
469 1751 620 1791 fluvium
635 1754 756 1799 Lirin,
784 1756 886 1804 cujus
899 1756 1001 1792 lucus
1018 1753 1055 1791 in
1074 1767 1118 1791 eo
1133 1754 1255 1792 littore
1275 1766 1348 1797 non
1367 1752 1438 1790 fuit
1458 1753 1620 1804 ignotus,
1648 1768 1716 1805 pro

406 1810 548 1851 Venere
560 1815 652 1851 male
665 1815 761 1865 apud
780 1814 942 1852 Servium
962 1813 1086 1852 habita
1100 1830 1110 1860 ;
1150 1827 1232 1851 nam
1251 1826 1292 1853 ea
1308 1812 1453 1855 Murcia
1470 1822 1560 1850 erat.
1614 1815 1676 1851 An
1693 1829 1716 1854 a

406 1871 571 1923 Virgilio
602 1887 667 1924 pro
697 1874 821 1910 eadem
848 1888 931 1912 cum
950 1873 1060 1911 Circe
1074 1872 1199 1915 habita
1214 1873 1341 1917 fuerit,
1369 1871 1590 1922 disputatum
1609 1874 1656 1910 est
1675 1874 1717 1923 iri

405 1931 519 1969 Notis
534 1932 579 1969 ad
597 1932 664 1970 lib.
684 1931 780 1976 XII,
801 1933 874 1982 164
888 1933 970 1971 Solis
985 1938 1064 1969 avi.
1118 1931 1188 1968 Sed
1206 1930 1331 1969 Latini
1348 1943 1458 1981 genus
1476 1930 1717 1972 diverfimode

404 1990 582 2028 traditum
601 1990 673 2028 fuit
687 2007 699 2036 ;
736 2004 802 2029 nec
832 1992 942 2029 modo
972 2004 1036 2042 per
1062 1991 1213 2029 Graecos
1234 1990 1435 2043 scriptores,
1457 1990 1533 2038 jam
1558 1990 1645 2028 inde
1669 1993 1719 2038 ab,

409 2050 576 2089 Hesiodo
594 2051 737 2102 Theog.
763 2066 872 2091 1011.
896 2065 1009 2102 1013,
1036 2062 1072 2089 et
1089 2065 1109 2088 a
1126 2039 1519 2101 Telegoniae'auftore:
1559 2051 1607 2089 cf.
1635 2053 1714 2103 sup,

410 2109 563 2148 Excurs.
583 2110 641 2148 IV
659 2105 759 2150 ad'h.
779 2112 804 2149 l.
825 2111 889 2148 sub
908 2111 935 2150 f.
951 2127 961 2156 3
988 2124 1113 2156 verum
1131 2111 1169 2148 in
1184 2110 1267 2161 ipsis
1286 2109 1423 2147 Italicis
1439 2110 1585 2159 mythis,
1618 2111 1715 2149 Her-

408 2170 499 2208 culis
510 2170 624 2209 filium
641 2184 685 2207 ex
702 2171 938 2221 Hyperborea
955 2172 1074 2221 puella
1092 2171 1188 2208 fuere
1205 2170 1268 2220 qui
1283 2178 1481 2214 narrarent,
1509 2169 1562 2206 uti
1579 2170 1718 2209 Pallan-

408 2237 481 2266 tem
500 2242 544 2266 ex
563 2229 718 2267 Lavinia
735 2230 896 2267 Evandri
913 2230 986 2266 filia
1004 2230 1050 2267 ab
1068 2229 1193 2267 eodem
1215 2228 1374 2267 Hercule
1391 2227 1591 2278 susceptum
1611 2229 1717 2268 fabu..

408 2287 473 2325 lati
489 2298 610 2325 erant:
640 2288 794 2337 Dionys,
813 2287 846 2332 I,
860 2301 924 2337 43.
978 2288 1058 2326 Alii
1076 2301 1124 2333 ex>
1137 2288 1212 2325 filia
1231 2285 1345 2329 Fauni
1359 2297 1394 2328 et
1415 2286 1574 2328 Hercule
1591 2298 1716 2335 natum

408 2348 597 2394 Latinum,
623 2362 679 2400 ap.
697 2349 824 2399 Justin.
846 2349 998 2394 XLIII,
1030 2363 1061 2387 1.
1118 2349 1188 2387 Sed
1219 2349 1370 2393 omniuo
1403 2349 1525 2386 multis
1555 2348 1623 2386 boc
1650 2363 1714 2386 no-

409 2420 490 2445 men
507 2408 724 2449 celebratum
743 2407 890 2453 fabulis,
918 2421 1004 2458 quas
1034 2421 1129 2445 nunc
1148 2406 1338 2458 disponere
1370 2420 1441 2443 non
1462 2416 1580 2450 vacat,
1607 2408 1717 2449 adeo÷

406 2480 477 2517 que
496 2479 560 2504 nec
578 2466 760 2516 colligere.
813 2466 898 2504 Hoc
914 2480 1022 2503 unum
1038 2466 1290 2510 monebimus:
1329 2465 1396 2502 effe
1426 2478 1520 2502 nunc
1548 2466 1622 2516 ejus
1650 2481 1717 2505 no·

406 2539 489 2565 men
507 2525 708 2577 proprium,
752 2533 792 2563 ut
823 2525 973 2563 Latinus
1002 2539 1060 2564 rex
1095 2525 1231 2570 fuerit3
1271 2525 1369 2575 quod
1398 2525 1491 2574 apud
1512 2526 1719 2568 vetustiores

405 2595 545 2624 tantum
575 2585 828 2638 appellativum
857 2584 957 2622 fuiffe
983 2585 1169 2636 probabile
1198 2586 1259 2629 est,
1287 2595 1326 2623 ut
1353 2597 1464 2621 unum
1493 2585 1652 2634 aliquem
1669 2598 1716 2624 ex

405 2645 552 2696 tegibus
571 2644 802 2687 Latinorum,
822 2645 922 2694 cujus
939 2657 1065 2681 verum
1084 2656 1214 2681 nomen
1234 2642 1483 2694 ignorabatur,
1501 2644 1716 2694 designaret,¹

405 2708 521 2758 Apud
549 2706 712 2744 Servium
741 2705 785 2742 ad
811 2705 876 2744 lib.
904 2705 997 2749 VII,
1032 2719 1097 2756 47,
1134 2718 1241 2754 quem
1259 2703 1456 2754 pleniorem
1475 2705 1579 2741 dedit
1596 2703 1716 2754 Julius

407 2767 579 2810 Sabinus,
622 2767 773 2818 ffiginus
808 2772 858 2802 ait
887 2765 1001 2816 plures
1031 2771 1066 2802 in
1097 2765 1196 2801 Latio
1231 2778 1320 2815 reges
1347 2763 1528 2812 appellatos
1558 2764 1715 2811 Latinos,

402 2827 531 2888 ‘Vulgo
559 2838 677 2871 tamen,
696 2836 882 2871 narrantur
900 2825 1023 2869 Latini
1051 2825 1099 2866 ab
1127 2837 1172 2867 eo
1202 2837 1335 2866 nomen
1360 2824 1532 2878 accepisse
1547 2839 1558 2871 3
1602 2825 1707 2875 quod

1649 2895 1715 2929 vix
