1847 3313
345 273 347 276 ⁴
394 248 814 335 AENEmos,
880 276 1036 326 ΜΒ.
1083 278 1204 328 xu.
1359 284 1455 346 633

142 410 215 462 Ut
237 407 475 472 sceptrum
496 410 604 467 hoc,
627 400 791 457 dextra
812 408 1053 474 sceptrum
1085 428 1197 459 nam
1227 412 1349 461 forte
1366 431 1457 479 ge..

333 497 482 546 rebat.

140 588 421 652 Numquam
446 587 611 635 fronde
634 589 726 636 levi
751 588 916 638 fundet
934 589 1157 655 virgulta,
1175 609 1327 657 neque
1344 610 1454 641 um..

337 679 460 736 bras,

141 768 269 816 Cum
291 767 434 815 semel
458 768 507 815 in
530 768 673 828 filvis,
696 769 797 817 imo
818 770 878 818 de
894 771 1036 837 stirpe
1058 774 1276 832 recisum,

140 857 301 906 Matre
323 870 467 916 caret,
488 858 740 922 posuitque
760 876 922 908 comas
947 874 993 908 et
1015 863 1207 910 brachia
1224 865 1349 911 ferro
1364 889 1380 921 ς

137 947 273 994 Olim
289 947 425 995 arbos
439 971 453 1004 ;
489 965 613 996 nunc
636 950 831 997 artificis
855 967 1021 998 manus
1038 967 1132 999 aere
1150 953 1324 1000 decoro
1357 967 1454 1007 210

134 1038 348 1095 Inclufit‚
368 1039 674 1102 patribusque
695 1040 830 1088 dedit
851 1041 1030 1104 gestare
1055 1041 1257 1092 Latinis,

137 1126 335 1174 Talibus
360 1127 480 1172 inter
504 1125 551 1172 se
575 1125 827 1173 firmabant
851 1126 1029 1175 foedera
1052 1128 1206 1186 dietis,

138 1218 402 1282 conspeetu
428 1215 476 1263 in
502 1214 662 1262 medio
685 1232 954 1279 procerum.
995 1217 1123 1266 Tum
1143 1220 1232 1266 rite
1251 1219 1447 1268 sacratas

180 1332 254 1365 206.
280 1334 329 1364 hoc
344 1332 452 1364 deerat
475 1332 608 1363 Mentel.
636 1342 685 1374 pr.
722 1332 862 1374 sceptrum
888 1333 991 1371 dextra
1019 1333 1128 1375 Bigot.
1174 1335 1277 1367 dextra
1299 1337 1350 1370 hoc
1366 1336 1449 1380 scep-

135 1395 212 1416 trum
247 1397 311 1415 nam
349 1386 479 1425 Ilugen.
512 1384 635 1426 ferebat
673 1383 801 1413 Zulicb.
846 1385 962 1425 regebat
998 1384 1158 1417 Montalb.
1251 1396 1323 1427 207.
1363 1398 1450 1430 neque

137 1438 246 1469 Heins.
274 1448 291 1468 e
308 1437 399 1468 codd.
415 1448 473 1478 pro
490 1449 556 1474 nec3
580 1443 650 1467 tum
666 1436 793 1466 umbram
808 1446 856 1478 pr.
883 1439 1002 1469 Moret.
1030 1444 1061 1467 et
1086 1438 1230 1469 Macrob.
1259 1440 1303 1477 V,
1323 1441 1388 1471 Sat
1413 1449 1446 1479 3.

136 1507 222 1514 -—
226 1488 299 1520 208.
323 1489 495 1529 Perperam
521 1488 557 1517 S
550 1487 649 1518 rvius
669 1495 698 1518 et
717 1488 875 1524 Donatus,
900 1498 1034 1529 cumque
1050 1488 1089 1519 iis
1109 1489 1231 1520 Pierius
1236 1498 1448 1532 ,argutantur

135 1541 229 1582 supra
249 1549 365 1580 genere
385 1550 440 1569 voc
443 1539 534 1582 mist»
536 1547 599 1582 ‘pst
622 1538 668 1576 in,
691 1541 740 1568 .'mo
756 1539 851 1581 destir
834 1548 900 1582 upe.
925 1540 991 1571 vid.
1008 1539 1118 1571 Heins.
1135 1540 1219 1572 conf.
1244 1542 1309 1583 sup.
1329 1544 1389 1574 Ge.
1407 1543 1449 1581 11,

137 1601 212 1633 379,
227 1599 258 1621 et
274 1590 332 1620 inf.
346 1591 453 1627 Xll,⁶
441 1611 470 1628 s
461 1599 500 1620 0
517 1598 546 1620 et
566 1590 639 1629 781.
685 1590 783 1621 Nulla
801 1590 978 1622 necestitate
996 1591 1141 1622 coatstum
1160 1596 1237 1633 poet
1228 1603 1293 1623 am
1309 1593 1447 1626 alterum

135 1642 351 1678 maluiffeim0‚
378 1641 522 1672 observat
542 1641 700 1684 Qintstil.
723 1643 746 1678 1,
773 1641 804 1679 6,
824 1653 852 1679 1,
869 1641 952 1673 forte
980 1642 1055 1684 quia
1077 1643 1201 1674 dotstius
1217 1652 1296 1675 erat.
1343 1648 1397 1676 ima
1412 1646 1448 1677 de

126 1695 217 1737 stirpe
234 1695 336 1735 Sprot.
355 1705 407 1723 um
422 1692 457 1722 de
473 1691 617 1723 Parrhas.
646 1705 703 1723 una
726 1693 760 1724 de
788 1692 915 1723 anich.
1007 1702 1080 1734 209.
1101 1695 1204 1724 Illam-e
1220 1696 1300 1726 cadet
1328 1696 1446 1728 Medic.

136 1754 297 1776 ——211.
319 1753 428 1774 certare
457 1742 558 1774 Goth.
605 1745 729 1774 Latinus
760 1743 852 1773 Leid.
944 1752 1018 1783 213.
1044 1747 1072 1775 in
1100 1744 1184 1775 abest
1212 1746 1314 1777 tribus
1338 1746 1448 1779 Heins.

134 1805 167 1828 et
197 1797 322 1833 Burm.‚
335 1794 415 1832 item
431 1791 531 1823 Goth.
550 1799 624 1824 tert.
669 1794 819 1838 Prqs‘joeeiu
837 1793 954 1827 Medic.

135 1891 179 1916 ex
221 1877 334 1914 altero
371 1876 496 1920 [fimat.
569 1875 759 1914 Tellurem
824 1877 885 1914 test
920 1885 1058 1920 tamen,
1091 1876 1189 1926 quod
1225 1874 1364 1917 malim,
1399 1873 1446 1910 de

136 1928 226 1968 mari
262 1929 429 1965 obrutam
473 1938 508 1965 et
552 1927 758 1964 dissolutam

135 1994 177 2019 ac
230 1980 460 2030 liquefaetam
529 1979 583 2017 vis
644 1979 760 2028 major

134 2033 252 2070 diluat
296 2041 332 2068 et
382 2031 544 2071 effundat
599 2029 638 2071 in
684 2044 759 2067 ma-

135 2098 199 2123 re·
248 2093 432 2132 tamquam
469 2082 612 2133 glebam
640 2081 758 2126 illam,

135 2140 238 2187 βῶλον
291 2135 409 2184 ὑγξοὶν,
462 2114 604 2171 Medeae
660 2134 756 2184 apud

135 2183 335 2226 Pindarum
397 2184 441 2235 P>
441 2186 504 2222 th.
575 2184 648 2228 IV,
707 2185 753 2235 67

136 2239 188 2304 sq.
255 2237 372 2276 caelnm
420 2244 455 2275 in
500 2234 656 2274 Tartara
686 2237 757 2285 sol-

134 2298 190 2335 vi,
234 2289 272 2327 h.
327 2289 521 2326 resolutum
574 2300 657 2324 cum
705 2288 756 2326 T.

133 2340 290 2381 misceri.
361 2341 422 2377 Ad
459 2342 656 2378 206—211
695 2339 756 2376 xix

133 2393 268 2431 necesse
286 2401 326 2429 ut
354 2404 575 2433 moneamus,
608 2390 682 2427 haec
710 2403 755 2428 ex

132 2445 242 2482 Iliad.
262 2462 302 2489 α,
322 2456 397 2492 234
426 2443 503 2493 sqq,
533 2442 599 2479 effe
627 2441 754 2478 adum-

132 2496 250 2534 brata.
295 2495 518 2541 Comparent
536 2492 710 2530 studiofi
701 2507 757 2543 lp-

128 2547 170 2585 sa
197 2546 317 2585 verba.
371 2544 512 2583 Valerii
535 2543 655 2582 Flacci
685 2545 757 2581 alia

134 2601 182 2639 est
201 2597 359 2636 imitatio
377 2597 443 2635 lib.
471 2595 547 2639 ΙΙΙ,
573 2609 645 2648 707
676 2595 754 2646 sqq.

133 2653 224 2696 208.
251 2666 322 2688 cum
350 2649 460 2698 semel
492 2648 598 2688 ἐπειδὴ
632 2652 754 2698 ‘nesii-m

134 2704 236 2751 τομὴν
264 2701 315 2750 (h.
341 2700 502 2767 ⁹stirpem,
537 2700 632 2737 unde
663 2699 754 2736 reci-

132 2754 209 2793 sum
228 2752 351 2802 fuit)'
339 2771 367 2789 εν
382 2755 490 2802 ’όξεσσι
509 2755 653 2790 λέλοιπε.
680 2766 753 2788 ma-

132 2816 230 2850 trem,
249 2805 295 2842 de
310 2814 419 2849 terra,
446 2813 486 2840 ut
503 2803 580 2854 sup.
599 2803 674 2847 XI,
703 2814 746 2852 71

131 2858 208 2897 Non
220 2859 302 2909 jam
313 2865 423 2898 mater
437 2853 501 2894 alit
518 2854 627 2894 tellus.
682 2852 750 2891 Po-

822 1927 897 1977 ipsa
916 1927 1036 1978 stirpe,
1062 1938 1187 1965 trunco
1207 1940 1287 1964 cum
1310 1927 1367 1962 1³5¹
1364 1926 1443 1962 ici-

821 1979 902 2022 bus,
932 1979 1065 2028 accxpi.
1121 1978 1180 2015 Est
1201 1979 1275 2014 haec
1297 1977 1348 2013 Pi
1343 1977 1445 2014 nclari

822 2031 927 2068 arbos
977 2033 1006 2068 ἑο
1010 2050 1021 2068 ν
1075 2033 1278 2080 {grum-35:462
1325 2047 1444 2078 χωξογ.

825 2095 912 2121 210.
950 2082 1034 2119 AEre
1066 2091 1230 2118 ornatum
1266 2080 1444 2131 sceptrum

821 2133 957 2192 cogita.
1014 2133 1082 2170 Vis
1109 2142 1228 2170 autem
1259 2145 1444 2182 con-ipara

821 2184 932 2222 tionis
961 2184 1000 2222 in
1037 2186 1133 2222 hoc:
1168 2195 1208 2221 ut
1242 2184 1310 2221 hoc
1346 2183 1444 2234 scep-

821 2246 931 2279 trum,
950 2238 1024 2274 haec
1043 2236 1152 2281 hasta,
1189 2249 1370 2286 nunquam
1392 2248 1443 2271 re-

820 2288 1028 2338 pullulabit,
1047 2288 1093 2325 fic
1113 2300 1296 2338 nunquam
1312 2287 1357 2323 ab
1373 2287 1442 2324 hoc

821 2339 955 2377 foedere
986 2339 1163 2377 recedam.
1235 2338 1357 2375 Aliter
1390 2352 1442 2375 res

821 2390 856 2428 se
873 2391 981 2428 habet
1001 2391 1095 2442 apud
1128 2391 1349 2432 Homerum,
1381 2389 1443 2426 ubi

820 2442 983 2480 Achilles
1003 2452 1075 2479 tam
1095 2452 1191 2479 certe
1221 2441 1273 2477 sui
1304 2441 1443 2478 defide-

821 2493 915 2530 rium
950 2493 1149 2531 subiturum
1186 2493 1252 2530 effe
1288 2492 1442 2528 Achivis

819 2545 1045 2595 pronuntiat,
1077 2557 1183 2595 quam
1214 2553 1309 2580 certe
1342 2543 1443 2593 scep-

821 2606 933 2640 trum,
950 2597 1048 2646 quod
1066 2595 1238 2647 gestabat,
1257 2608 1441 2645 nunquam

820 2647 952 2684 iterum
1009 2648 1073 2684 effe
1134 2647 1441 2697 repullulaturum.

820 2698 979 2748 Utrique
996 2703 1114 2748 poetae
1142 2697 1276 2748 injuria
1304 2697 1394 2734 faeta
1420 2710 1442 2734 a

821 2749 909 2787 viris
927 2750 1057 2794 dofris,
1075 2749 1138 2800 qui
1167 2750 1316 2786 alterum
1337 2749 1441 2786 alteri

818 2802 994 2838 anteferre
1023 2803 1180 2838 volvere.
1237 2814 1322 2850 213.
1352 2812 1440 2848 214.

817 2859 882 2892 rite
896 2856 1059 2903 ſstscralas
1078 2852 1128 2891 cf.
1147 2851 1223 2902 sup.
1246 2852 1290 2888 ad
1309 2865 1342 2889 v.
1369 2864 1437 2900 172

1297 2915 1441 2955 *¹74⁹
