1847 3313
376 264 488 311 AD
545 263 891 312 LIBRUM
954 265 1093 313 vm.
1305 279 1399 329 273

141 384 203 435 De
219 399 310 435 artis
327 396 489 446 respectu
505 395 737 446 judicioque,
766 397 865 447 quod
885 397 990 436 multi
1010 399 1048 436 in
1068 400 1178 450 poe‘ta
1196 399 1316 438 nostro
1333 411 1404 450 ag·-

86 456 254 499 noscunt,
280 455 432 494 omnino
459 456 552 493 mihi
579 456 729 507 quidem
748 457 867 495 adhuc
886 472 1018 509 parum
1037 459 1168 510 liquet,
1195 473 1278 502 nec,
1305 459 1330 498 fi
1348 459 1403 496 di-

86 516 248 553 'cendum
279 516 343 559 est,
386 515 485 565 quod
517 516 648 559 sentio,
691 529 869 566 magnum
896 518 1045 569 aliquod
1072 519 1130 557 seu
1161 520 1312 570 picturae
1343 520 1402 557 seu

86 568 280 626 sculpturae
294 574 448 612 studium
466 576 615 624 poetam
634 576 792 625 nostrum
811 576 959 614 tenuisse
979 577 1148 617 arbitror.
1204 580 1304 618 Nam
1323 579 1401 630 pri-

87 636 205 676 inum,
232 647 311 684 quae
330 633 392 671 iile
408 634 589 685 exposuit,
617 633 708 672 nihil
732 636 805 672 tale
832 636 1009 686 produnt,
1035 647 1073 675 et
1096 637 1276 688 ejusmodi
1306 639 1401 681 sunt,

89 705 131 733 ut
148 695 263 733 etiam
279 695 483 746 vulgariter
503 695 652 747 quisque
672 696 804 735 artium
821 697 960 747 peritus
987 712 1031 737 ea
1050 700 1211 738 carmine
1229 713 1400 750 compre-

83 754 243 793 hendere
262 756 379 806 poffit.
433 757 535 794 Tum
551 770 652 800 ver0,
682 766 721 794 ut
738 762 850 807 po'eta
870 758 916 796 ab
942 773 985 797 eo
1010 761 1161 798 consilio
1192 761 1401 812 longiffime

84 813 225 858 abfuit,
255 827 291 853 ut
311 815 396 853 artis
411 815 649 854 subtilitatem
669 817 892 867 sequeretur,
920 818 972 856 ita
991 831 1188 859 occurrunt
1216 834 1288 859 non
1308 835 1401 871 pau-

86 886 148 918 ca,
175 890 252 925 qua»
270 890 293 912 a
299 874 490 925 sculpturae
503 886 632 913 natura
652 878 821 919 recedunt,
849 890 917 915 nec
935 878 1042 915 facile
1061 893 1128 917 nec
1142 880 1337 918 commode
1355 894 1400 918 ea

85 944 166 972 arte
187 934 335 971 tractari
348 935 503 985 poffunt.
559 935 636 986 Qi
665 936 858 973 Oceanum
885 936 925 973 in
953 939 1102 988 angusto
1120 939 1234 977 limbo
1253 939 1400 990 expres-

80 993 159 1031 sum
177 1003 214 1032 et
229 1004 349 1032 tamen
366 994 405 1031 in
419 1008 462 1032 eo
477 995 683 1032 innatantes
698 995 885 1045 delphines
897 995 1058 1035 reddidit
1080 1000 1160 1048 (ΜΓ.
1177 1000 1264 1050 671.
1280 999 1375 1050 674)
1386 1035 1399 1050 ‚

82 1068 139 1092 nae
173 1055 203 1092 is
238 1067 312 1092 non
343 1054 436 1093 adeo
468 1068 643 1105 magnam
677 1055 872 1106 graphices
899 1057 1067 1106 peritiam
1101 1059 1236 1097 habere
1263 1060 1400 1110 potuit.

83 1115 247 1153 Omnino
262 1114 308 1151 de
328 1125 405 1152 arte
426 1116 600 1167 cogitasse
619 1116 800 1166 Virgilius
821 1130 893 1154 non
908 1117 1069 1162 videtur,
1098 1120 1398 1171 quandoquidem

81 1177 157 1226 ipse
172 1175 356 1213 diversum
372 1175 426 1212 rei
441 1176 630 1214 consilium
645 1176 797 1227 exponit
814 1192 822 1214 ι
850 1177 930 1215 Illic
936 1193 1043 1228 genus
1056 1185 1290 1231 omnefaturae
1304 1183 1400 1222 Stir-

74 1241 134 1287 pis
160 1235 206 1274 ab
220 1236 365 1284 Afianz‘o
377 1245 595 1287 pugnataque
607 1239 644 1272 in
657 1238 773 1274 ordine
791 1236 893 1274 bella.
948 1238 1075 1289 Atque
1104 1254 1151 1279 ex
1169 1241 1213 1278 iis
1241 1241 1397 1294 decerp-

82 1308 183 1334 turus
202 1295 372 1333 nonnulla
392 1295 563 1343 subjicit:
604 1296 750 1333 Fecerat
768 1307 801 1333 et
826 1298 942 1335 ‹vir-idi
969 1306 1043 1335 etc.
1099 1301 1153 1338 At
1182 1301 1280 1338 enim
1312 1315 1398 1341 cum

82 1357 253 1394 Homero
268 1365 454 1392 certamen
469 1355 576 1392 iniit:
605 1356 676 1394 hoc
693 1356 756 1393 fibi
769 1357 994 1407 propositum
1008 1359 1139 1399 habuit
1155 1361 1273 1411 primo
1287 1362 1398 1408 loco3

80 1419 198 1456 altero
212 1428 252 1454 ut
265 1417 442 1455 Romanis
459 1417 526 1454 suis
544 1418 718 1467 placeret.
776 1417 815 1455 Si
844 1418 932 1456 artis
956 1420 1136 1459 rationem
1163 1423 1301 1461 habere
1329 1437 1395 1463 vo-

77 1478 208 1521 luisset,
237 1491 309 1516 non
329 1477 495 1516 dividere
515 1478 677 1529 clipeum
695 1478 734 1516 in
758 1488 901 1517 tantum
927 1493 1125 1530 parvarum
1145 1496 1312 1522 arearum
1331 1498 1398 1524 nu.-

77 1554 233 1583 merum,
259 1537 320 1577 sed
335 1550 510 1576 revocare
528 1538 651 1576 omnia
668 1537 714 1575 ad
735 1551 844 1575 unum
859 1552 1038 1590 magnum
1062 1555 1105 1580 ac
1131 1542 1256 1580 nobile
1274 1557 1389 1596 argu-
1407 1580 1426 1595 «χ

80 1610 260 1643 mentum,
288 1609 326 1637 et
338 1611 461 1636 aream
476 1598 601 1636 saltem
618 1610 688 1635 una
701 1611 830 1649 pugna
850 1599 1004 1638 Affiaca
1022 1614 1202 1640 exornate
1221 1602 1396 1649 debebat,

79 1661 146 1714 qui
165 1661 278 1699 totius
297 1658 409 1709 clipei
426 1659 525 1696 haud
544 1658 654 1696 dubie
671 1658 971 1709 splendidiffimus
985 1661 1086 1698 locus
1105 1663 1168 1700 est.

78 1751 79 1754 η
132 1723 226 1760 Sunt
251 1729 375 1757 tamen
393 1718 554 1756 nonnulla
570 1721 623 1755 ad
636 1721 884 1768 exprimendum
902 1723 1037 1771 artfice
1062 1737 1164 1759 mann
1181 1728 1315 1775 egregie
1333 1739 1395 1762 ac·-

75 1784 295 1824 rommodata‚
322 1780 517 1832 multisque
530 1780 655 1831 paffim
674 1779 848 1830 operibus
868 1782 1055 1830 expressa:
1094 1792 1134 1821 ut
1152 1785 1332 1823 Romulus
1357 1793 1395 1822 et

75 1844 214 1882 Remus
226 1843 411 1884 laetentes,
440 1850 565 1892 raptus
588 1840 823 1884 Sabinorum,
851 1853 939 1879 mox
954 1841 1091 1879 bellum
1108 1853 1145 1880 et
1159 1845 1309 1882 tandem
1323 1845 1395 1882 foe-

74 1905 143 1943 dus
175 1904 299 1942 ic‘tumt
352 1901 466 1940 Metii
486 1901 636 1939 Fuffetii
672 1900 905 1952 supplicium,
959 1902 1023 1940 etsi
1069 1903 1115 1940 ad
1145 1903 1281 1942 sensum
1313 1905 1394 1943 nos·-

74 1976 172 2004 trum
200 1963 311 2002 nimis
350 1962 492 2000 foedum
523 1972 560 1999 et
599 1961 854 2006 aversandum,
893 1973 934 2000 ut
964 1963 1044 2012 jam
1079 1963 1253 2009 diximus,
1294 1966 1395 2007 duris

76 2027 330 2065 Romanorum
349 2022 508 2074 ingeniis
529 2022 626 2059 forte
642 2021 761 2060 minus
780 2022 980 2074 displicuit.
1034 2023 1135 2062 Urbs
1163 2038 1185 2063 a
1212 2026 1395 2071 Porsenna

74 2086 222 2128 obseffa,
250 2083 410 2122 revulsus
429 2083 476 2120 ab
490 2081 650 2120 Horatio
666 2082 814 2121 Coclite
830 2096 940 2133 pons,
969 2083 1200 2134 Capitolium
1229 2099 1251 2123 a
1271 2087 1394 2128 Gallis

71 2145 263 2192 pbsefi'um,
292 2153 359 2182 eta
378 2142 523 2180 Manlio
539 2151 815 2193 propugnatum
829 2157 841 2186 3
871 2143 1053 2183 Saliorum
1067 2145 1222 2183 saltatio.
1251 2145 1393 2199 Luper-

74 2219 204 2245 corum
234 2204 426 2246 distursus,
454 2212 707 2240 matronarum
733 2203 892 2242 inveffio
908 2218 916 2240 :
958 2203 1038 2244 sunt
1068 2205 1144 2244 haec
1173 2206 1277 2252 talia,
1313 2222 1395 2260 quae

73 2279 187 2318 opere
207 2265 394 2315 exsculpto
411 2264 576 2315 expressa
593 2263 743 2313 placere
762 2273 978 2314 potuerunt.

75 2384 143 2426 jam
156 2384 238 2415 libro
255 2385 299 2416 VI
320 2382 473 2413 Anchises
486 2389 721 2413 memoraverat
749 2382 835 2424 (satis
855 2383 1006 2428 obscure).
1053 2387 1128 2428 Jam
1138 2386 1249 2428 subjici
1264 2398 1280 2418 a
1294 2391 1395 2429 po'e'ta

78 2436 193 2468 caussas
207 2437 479 2467 incrementorum
490 2441 666 2471 tantorum,
688 2433 841 2475 pictatem
858 2434 890 2464 in
907 2435 983 2466 deos
998 2442 1029 2466 et
1041 2437 1297 2469 caerimoniarum
1320 2440 1393 2471 reli..

77 2488 210 2530 gionen1
224 2498 255 2518 v.
275 2486 350 2526 663,
371 2486 542 2517 secundum
557 2485 611 2516 illa
625 2485 750 2516 Horatii
763 2486 819 2524 Ill,
836 2485 867 2523 6,
884 2495 902 2525 5
937 2488 992 2517 Dis
1020 2495 1045 2518 te
1066 2491 1194 2519 minorem
1220 2494 1288 2531 qued
1305 2494 1396 2532 geris,

71 2543 203 2583 imperas.
251 2539 349 2582 Qod
363 2541 471 2570 autem
487 2538 647 2579 sequitur:
672 2539 716 2568 Di
731 2540 817 2568 multa
830 2540 941 2580 neglexi
951 2542 1077 2571 dederunt
1093 2541 1229 2584 Hesperia?
1243 2545 1319 2574 mala
1333 2545 1393 2573 luc-

71 2594 166 2633 tmsae,
188 2602 206 2622 a
222 2590 361 2633 Virgilio
378 2590 524 2633 subjungi
541 2589 694 2620 scelernm
709 2589 742 2620 in
759 2590 897 2632 patriam
913 2592 1151 2624 commissorum
1179 2602 1210 2624 et
1241 2602 1393 2627 natorum

70 2645 147 2676 inde
157 2642 314 2674 bellorum
329 2641 475 2673 civilium
494 2641 706 2672 declaratione
723 2641 800 2682 (666
816 2650 1014 2673 memoratur
1042 2644 1180 2675 Catilina
1195 2644 1228 2676 in
1245 2647 1394 2685 Tartaro,

73 2694 155 2726 Cato
168 2695 199 2724 in
212 2694 292 2724 sedis
305 2693 456 2736 piorum).
504 2693 650 2724 Tandem
664 2693 696 2722 in
710 2694 848 2724 Romani
866 2694 992 2735 imperii
1008 2695 1170 2736 majestate
1183 2696 1221 2726 ab
1238 2697 1386 2738 Augusto

72 2745 237 2776 vindicata
253 2750 284 2774 et
298 2754 355 2785 per
371 2751 530 2774 terrarum
543 2743 654 2775 orbem
670 2751 847 2785 propagata
863 2749 995 2786 poetam
1021 2745 1218 2778 subfisterc.’'
1263 2747 1392 2790 Sagaci-

61 2783 175 2827 'tatem
187 2801 218 2825 et
231 2798 363 2826 acumen
379 2794 411 2826 in
425 2804 532 2827 rerum
549 2793 700 2826 &milium
717 2795 954 2835 comparatione
969 2805 1064 2831 nemo
1081 2796 1249 2835 desideret.

123 2846 242 2884 Tem.
272 2845 349 2883 111.
770 2846 795 2894 fi
1261 2843 1392 2890 Enzm’.
