1847 3313
349 267 444 332 495
623 256 916 311 EXCURS.
954 255 1003 307 11
1039 257 1135 306 AD
1171 254 1296 305 ΜΒ.
1331 248 1397 306 x.

350 399 486 453 posuit,
515 394 665 435 addufti
694 393 742 432 ab
769 405 814 430 eo
841 390 964 430 coloni
992 403 1038 427 ex
1066 389 1193 427 Imbro
1219 397 1258 426 et
1283 389 1426 426 Lemno
1451 386 1570 430 fuere,
1598 376 1663 437 qui

350 459 463 497 tertia
495 458 579 495 hinc
610 464 734 497 anate,
773 451 950 491 seditione
979 449 1151 487 adversus
1184 448 1378 486 Dorienses
1410 448 1519 492 facia,
1557 443 1665 496 ejeci}

353 520 508 556 Cretam
537 515 707 553 adierunt
739 521 777 550 et
810 512 1022 560 Gortynem
1053 518 1298 559 occuparunt.
1356 507 1415 545 Ad
1442 508 1514 544 hoc
1536 506 1664 556 itaque

351 587 500 626 tempus
522 572 712 611 referenda
738 571 807 608 esse
839 570 987 607 videtur
1015 568 1258 618 Amyclarum
1283 567 1346 605 illa
1377 580 1397 604 a
1425 566 1666 605 Doriensibus

352 636 450 674 facta
480 630 740 684 expugnatio:
782 629 872 667 urbe
903 641 949 666 ex
979 626 1180 679 improviso
1209 635 1404 676 occupata.
1459 627 1514 664 Ut
1542 635 1666 663 autem

352 697 425 735 hoc
453 696 506 731 ad
519 691 676 742 Amyclas
695 688 816 726 Italiae
842 687 1034 726 transferri
1048 686 1177 738 poffet,
1205 699 1306 724 error
1323 685 1400 729 ille,
1428 698 1537 736 quem
1557 684 1666 723 toties

352 755 631 806 castigavimus,
658 752 782 788 locum
800 749 906 789 fecit,
933 761 1018 786 cnm
1036 761 1110 786 non
1129 747 1240 785 modo
1261 746 1481 784 Graecorum
1501 745 1666 783 colonias

353 828 423 868 per
439 825 555 853 totam
569 812 716 849 Italiam
731 808 1006 846 diffeminarent
1024 817 1169 845 veteres
1185 807 1351 844 auctores
1366 804 1508 848 Latini,
1535 816 1668 842 verum

352 876 467 916 etiam
494 872 641 911 urbium
666 869 831 921 origines
860 882 904 906 ac
935 868 1084 907 notitias
1113 867 1303 907 nominum
1333 865 1566 905 similitudine
1583 878 1668 904 cor·

354 942 582 987 rumperent.
649 931 794 969 Urbem
821 929 984 967 Amuclas
1015 929 1054 967 in
1082 928 1138 966 his
1165 927 1257 967 locis
1285 926 1403 964 Italiae
1427 926 1529 964 fuiss‘e
1560 937 1670 964 nemo

355 996 516 1036 dubitet.
572 991 643 1030 Sed
671 989 828 1029 nominis
854 989 1048 1027 similitudo
1078 988 1182 1033 fecit,
1217 996 1258 1026 ut
1285 1000 1307 1025 a
1333 986 1516 1025 nonnullis
1547 999 1671 1025 narra-

356 1068 475 1100 retur,
503 1057 670 1093 Laconas
702 1064 786 1089 eam
808 1050 935 1088 urbem
954 1048 1168 1092 condidisse,
1196 1055 1234 1085 et
1261 1046 1308 1084 ab
1328 1045 1496 1096 Amyclis
1514 1045 1584 1084 suis
1603 1059 1670 1084 no·

357 1130 445 1156 men
475 1114 656 1153 indidisse.
710 1112 770 1150 De
801 1120 970 1160 tempore
1003 1108 1159 1147 coloniae
1187 1107 1305 1145 duc'tae
1336 1105 1440 1143 varie
1477 1105 1669 1144 traditum⁰

357 1177 439 1217 Alii
465 1176 616 1214 comites
647 1171 808 1211 Castoris
826 1182 862 1208 et
890 1169 1051 1208 Pollucis
1072 1169 1141 1206 huc
1169 1165 1343 1218 appulisse
1363 1174 1573 1208 narrarunt,
1600 1165 1666 1203 alii

360 1237 570 1286 Amyclaeos
588 1246 673 1271 cum
694 1232 857 1273 Glauco,
877 1229 1019 1267 Minois
1041 1229 1129 1271 filio,
1154 1226 1287 1265 venisse
1321 1225 1439 1276 (apud
1456 1224 1670 1273 Servium);

359 1296 511 1337 tandem
527 1294 638 1332 etiam
658 1293 775 1334 fuer-e,
803 1290 867 1341 qui
886 1288 1057 1339 Lycurgi
1075 1297 1184 1325 aetate
1201 1285 1384 1324 coloniam
1402 1284 1550 1322 duezam
1569 1284 1672 1322 dicea

360 1370 446 1400 rent
461 1358 507 1395 ab
522 1356 581 1399 iis,
609 1353 673 1406 qui
687 1353 794 1391 novis
807 1352 951 1404 legibus
965 1350 1019 1388 uti
1034 1350 1173 1388 nollent
1188 1363 1197 1386 :
1227 1348 1292 1386 hos
1307 1347 1422 1389 enim,
1440 1346 1504 1384 ubi
1523 1346 1560 1384 in
1574 1360 1671 1398 agro

362 1418 587 1458 Pomentino
613 1413 864 1455 escendiss'ent,
893 1411 1062 1449 Feroniae
1090 1410 1215 1448 fanum
1243 1405 1450 1449 extruxisse,
1476 1415 1514 1444 et
1537 1399 1673 1457 partim
1707 1414 1711 1417 '

361 1479 448 1521 inde
460 1475 613 1516 Sabinos
626 1472 863 1514 contendisse.
882 1485 922 1510 v.
935 1470 1093 1522 Dionys.
1109 1469 1236 1509 Halic.
1255 1467 1324 1508 lib.
1339 1466 1395 1511 II,
1409 1479 1463 1520 49
1483 1468 1541 1519 (p.
1562 1479 1575 1505 1
1588 1468 1650 1518 13)
1661 1490 1672 1505 2
