<?xml version="1.0" encoding="UTF-8"?>
<!DOCTYPE html PUBLIC "-//W3C//DTD XHTML 1.0 Transitional//EN"
    "http://www.w3.org/TR/xhtml1/DTD/xhtml1-transitional.dtd">
<html xmlns="http://www.w3.org/1999/xhtml" xml:lang="en" lang="en">
 <head>
  <title>
</title>
<meta http-equiv="Content-Type" content="text/html;charset=utf-8" />
  <meta name='ocr-system' content='tesseract 3.04.00' />
  <meta name='ocr-capabilities' content='ocr_page ocr_carea ocr_par ocr_line ocrx_word'/>
</head>
<body>
  <div class='ocr_page' id='page_1' title='image "./operavarietatele03virguoft/operavarietatele03virguoft_0595.png"; bbox 0 0 1847 3313; ppageno 0'>
   <div class='ocr_carea' id='block_1_1' title="bbox 373 203 1414 271">
    <p class='ocr_par' dir='ltr' id='par_1_1' title="bbox 373 203 1414 271">
     <span class='ocr_line' id='line_1_1' title="bbox 373 203 1414 271; baseline -0.002 -15"><span class='ocrx_word' id='word_1_1' title='bbox 373 204 783 261; x_wconf 82' lang='lat' dir='ltr'>AENEIDOs,</span> <span class='ocrx_word' id='word_1_2' title='bbox 835 203 987 252; x_wconf 66' lang='grc' dir='ltr'>ΜΒ.</span> <span class='ocrx_word' id='word_1_3' title='bbox 1043 203 1138 253; x_wconf 83' lang='lat' dir='ltr'>x1.</span> <span class='ocrx_word' id='word_1_4' title='bbox 1320 205 1414 271; x_wconf 78' lang='lat'>569</span> 
     </span>
    </p>
   </div>
   <div class='ocr_carea' id='block_1_2' title="bbox 103 333 1240 489">
    <p class='ocr_par' dir='ltr' id='par_1_2' title="bbox 103 333 1240 489">
     <span class='ocr_line' id='line_1_2' title="bbox 103 333 1139 402; baseline -0.002 -17"><span class='ocrx_word' id='word_1_5' title='bbox 103 336 301 402; x_wconf 87' lang='lat' dir='ltr'>Spicula</span> <span class='ocrx_word' id='word_1_6' title='bbox 321 335 545 384; x_wconf 90' lang='lat' dir='ltr'>converso</span> <span class='ocrx_word' id='word_1_7' title='bbox 567 334 796 398; x_wconf 86' lang='lat' dir='ltr'>fugientia</span> <span class='ocrx_word' id='word_1_8' title='bbox 820 333 987 398; x_wconf 85' lang='lat' dir='ltr'>dirigit</span> <span class='ocrx_word' id='word_1_9' title='bbox 1010 351 1139 383; x_wconf 88' lang='lat' dir='ltr'>arcu.</span> 
     </span>
     <span class='ocr_line' id='line_1_3' title="bbox 103 423 1240 489; baseline -0.003 -15"><span class='ocrx_word' id='word_1_10' title='bbox 103 427 174 475; x_wconf 89' lang='lat' dir='ltr'>At</span> <span class='ocrx_word' id='word_1_11' title='bbox 195 426 381 474; x_wconf 85' lang='lat' dir='ltr'>circum</span> <span class='ocrx_word' id='word_1_12' title='bbox 398 425 534 472; x_wconf 64' lang='lat' dir='ltr'>lectae</span> <span class='ocrx_word' id='word_1_13' title='bbox 557 424 774 480; x_wconf 84' lang='lat' dir='ltr'>comites,</span> <span class='ocrx_word' id='word_1_14' title='bbox 799 423 1065 487; x_wconf 88' lang='lat' dir='ltr'>Larinaque</span> <span class='ocrx_word' id='word_1_15' title='bbox 1088 426 1240 489; x_wconf 87' lang='lat' dir='ltr'>virgo,</span> 
     </span>
    </p>
   </div>
   <div class='ocr_carea' id='block_1_3' title="bbox 1317 425 1409 487">
    <p class='ocr_par' dir='ltr' id='par_1_3' title="bbox 1317 425 1409 487">
     <span class='ocr_line' id='line_1_4' title="bbox 1317 425 1409 487; baseline -0.022 0"><span class='ocrx_word' id='word_1_16' title='bbox 1317 425 1409 487; x_wconf 73' lang='lat'>⁶55</span> 
     </span>
    </p>
   </div>
   <div class='ocr_carea' id='block_1_4' title="bbox 102 513 1349 860">
    <p class='ocr_par' dir='ltr' id='par_1_4' title="bbox 102 513 1349 860">
     <span class='ocr_line' id='line_1_5' title="bbox 104 513 1349 580; baseline -0.002 -15"><span class='ocrx_word' id='word_1_17' title='bbox 104 517 358 580; x_wconf 84' lang='lat' dir='ltr'>Tullaque,</span> <span class='ocrx_word' id='word_1_18' title='bbox 381 527 430 563; x_wconf 94' lang='lat' dir='ltr'>et</span> <span class='ocrx_word' id='word_1_19' title='bbox 452 527 649 562; x_wconf 84' lang='lat' dir='ltr'>aeratam</span> <span class='ocrx_word' id='word_1_20' title='bbox 668 513 881 577; x_wconf 87' lang='lat' dir='ltr'>quatiens</span> <span class='ocrx_word' id='word_1_21' title='bbox 900 515 1104 578; x_wconf 80' lang='lat' dir='ltr'>Tarpeia</span> <span class='ocrx_word' id='word_1_22' title='bbox 1125 516 1349 573; x_wconf 85' lang='lat' dir='ltr'><strong>securem,</strong></span> 
     </span>
     <span class='ocr_line' id='line_1_6' title="bbox 102 584 1191 671; baseline -0.005 -14"><span class='ocrx_word' id='word_1_23' title='bbox 102 610 324 664; x_wconf 83' lang='lat' dir='ltr'>Italides3</span> <span class='ocrx_word' id='word_1_24' title='bbox 357 584 472 671; x_wconf 65' lang='lat' dir='ltr'>quas</span> <span class='ocrx_word' id='word_1_25' title='bbox 496 604 597 668; x_wconf 86' lang='lat' dir='ltr'>ipsa</span> <span class='ocrx_word' id='word_1_26' title='bbox 620 603 761 650; x_wconf 90' lang='lat' dir='ltr'>decus</span> <span class='ocrx_word' id='word_1_27' title='bbox 786 604 872 650; x_wconf 88' lang='lat' dir='ltr'>fibi</span> <span class='ocrx_word' id='word_1_28' title='bbox 894 604 972 651; x_wconf 82' lang='lat' dir='ltr'>dia</span> <span class='ocrx_word' id='word_1_29' title='bbox 990 605 1191 652; x_wconf 80' lang='lat' dir='ltr'>Camilla</span> 
     </span>
     <span class='ocr_line' id='line_1_7' title="bbox 103 693 1230 765; baseline -0.007 -15"><span class='ocrx_word' id='word_1_30' title='bbox 103 700 314 765; x_wconf 84' lang='lat' dir='ltr'>Delegit‚</span> <span class='ocrx_word' id='word_1_31' title='bbox 336 695 559 762; x_wconf 88' lang='lat' dir='ltr'>pacisque</span> <span class='ocrx_word' id='word_1_32' title='bbox 581 694 727 740; x_wconf 89' lang='lat' dir='ltr'>bonas</span> <span class='ocrx_word' id='word_1_33' title='bbox 750 693 957 756; x_wconf 84' lang='lat' dir='ltr'>bellique</span> <span class='ocrx_word' id='word_1_34' title='bbox 980 694 1230 742; x_wconf 80' lang='lat' dir='ltr'>ministras.</span> 
     </span>
     <span class='ocr_line' id='line_1_8' title="bbox 104 783 1294 860; baseline -0.005 -21"><span class='ocrx_word' id='word_1_35' title='bbox 104 792 283 860; x_wconf 81' lang='lat' dir='ltr'>Qales</span> <span class='ocrx_word' id='word_1_36' title='bbox 307 787 546 837; x_wconf 87' lang='lat' dir='ltr'>Threiciae</span> <span class='ocrx_word' id='word_1_37' title='bbox 569 800 682 833; x_wconf 90' lang='lat' dir='ltr'>cum</span> <span class='ocrx_word' id='word_1_38' title='bbox 703 784 901 831; x_wconf 81' lang='lat' dir='ltr'>flumina</span> <span class='ocrx_word' id='word_1_39' title='bbox 922 783 1294 833; x_wconf 86' lang='lat' dir='ltr'>Thermodontis</span> 
     </span>
    </p>
   </div>
   <div class='ocr_carea' id='block_1_5' title="bbox 101 914 1416 1780">
    <p class='ocr_par' dir='ltr' id='par_1_5' title="bbox 101 914 1416 1780">
     <span class='ocr_line' id='line_1_9' title="bbox 151 914 1416 965; baseline -0.007 -10"><span class='ocrx_word' id='word_1_40' title='bbox 151 923 226 962; x_wconf 83' lang='lat'>654.</span> <span class='ocrx_word' id='word_1_41' title='bbox 251 921 355 965; x_wconf 76' lang='lat' dir='ltr'>derigit</span> <span class='ocrx_word' id='word_1_42' title='bbox 377 920 473 950; x_wconf 88' lang='lat' dir='ltr'>Rom.</span> <span class='ocrx_word' id='word_1_43' title='bbox 500 924 533 950; x_wconf 88' lang='lat' dir='ltr'>et</span> <span class='ocrx_word' id='word_1_44' title='bbox 557 916 700 954; x_wconf 86' lang='lat' dir='ltr'>Medic.;</span> <span class='ocrx_word' id='word_1_45' title='bbox 727 916 840 947; x_wconf 87' lang='lat' dir='ltr'>Burm.</span> <span class='ocrx_word' id='word_1_46' title='bbox 868 914 976 947; x_wconf 87' lang='lat' dir='ltr'>laudat</span> <span class='ocrx_word' id='word_1_47' title='bbox 991 915 1140 947; x_wconf 88' lang='lat' dir='ltr'>Lambin.</span> <span class='ocrx_word' id='word_1_48' title='bbox 1156 917 1195 947; x_wconf 79' lang='lat' dir='ltr'>ad</span> <span class='ocrx_word' id='word_1_49' title='bbox 1211 917 1340 947; x_wconf 86' lang='lat' dir='ltr'>Lucret.</span> <span class='ocrx_word' id='word_1_50' title='bbox 1357 916 1416 953; x_wconf 82' lang='lat' dir='ltr'>VI,</span> 
     </span>
     <span class='ocr_line' id='line_1_10' title="bbox 106 968 1412 1015; baseline -0.005 -8"><span class='ocrx_word' id='word_1_51' title='bbox 106 974 181 1015; x_wconf 82' lang='lat'><strong>823.</strong></span> <span class='ocrx_word' id='word_1_52' title='bbox 269 974 342 1013; x_wconf 81' lang='lat'>655.</span> <span class='ocrx_word' id='word_1_53' title='bbox 366 975 410 1006; x_wconf 85' lang='lat' dir='ltr'>Et</span> <span class='ocrx_word' id='word_1_54' title='bbox 433 974 536 1004; x_wconf 84' lang='lat' dir='ltr'>circum</span> <span class='ocrx_word' id='word_1_55' title='bbox 553 969 639 1001; x_wconf 81' lang='lat' dir='ltr'>Gud.</span> <span class='ocrx_word' id='word_1_56' title='bbox 662 976 695 1000; x_wconf 88' lang='lat' dir='ltr'>et</span> <span class='ocrx_word' id='word_1_57' title='bbox 717 969 771 1000; x_wconf 87' lang='lat' dir='ltr'>alii</span> <span class='ocrx_word' id='word_1_58' title='bbox 794 968 906 1000; x_wconf 88' lang='lat' dir='ltr'>Heins.</span> <span class='ocrx_word' id='word_1_59' title='bbox 945 968 1038 1010; x_wconf 66' lang='lat' dir='ltr'>jaft&#39;ae</span> <span class='ocrx_word' id='word_1_60' title='bbox 1054 980 1103 1010; x_wconf 91' lang='lat' dir='ltr'>pr.</span> <span class='ocrx_word' id='word_1_61' title='bbox 1125 970 1247 1000; x_wconf 77' lang='lat' dir='ltr'>Moret.</span> <span class='ocrx_word' id='word_1_62' title='bbox 1274 980 1310 999; x_wconf 84' lang='lat' dir='ltr'>ex</span> <span class='ocrx_word' id='word_1_63' title='bbox 1327 970 1412 1000; x_wconf 70' lang='lat' dir='ltr'><em>laHae</em></span> 
     </span>
     <span class='ocr_line' id='line_1_11' title="bbox 103 1020 1416 1069; baseline -0.005 -12"><span class='ocrx_word' id='word_1_64' title='bbox 103 1036 156 1069; x_wconf 82' lang='lat' dir='ltr'>pr.</span> <span class='ocrx_word' id='word_1_65' title='bbox 177 1025 264 1056; x_wconf 87' lang='lat' dir='ltr'>Goth</span> <span class='ocrx_word' id='word_1_66' title='bbox 281 1049 289 1063; x_wconf 94' lang='lat'>‚</span> <span class='ocrx_word' id='word_1_67' title='bbox 304 1023 492 1067; x_wconf 82' lang='lat' dir='ltr'>sphalmate.</span> <span class='ocrx_word' id='word_1_68' title='bbox 536 1022 671 1054; x_wconf 85' lang='lat' dir='ltr'>Laurina</span> <span class='ocrx_word' id='word_1_69' title='bbox 687 1020 788 1052; x_wconf 90' lang='lat' dir='ltr'>Goth.</span> <span class='ocrx_word' id='word_1_70' title='bbox 807 1020 1030 1059; x_wconf 83' lang='lat' dir='ltr'>sec.—-656.</span> <span class='ocrx_word' id='word_1_71' title='bbox 1044 1021 1171 1063; x_wconf 74' lang='lat' dir='ltr'>Telaque</span> <span class='ocrx_word' id='word_1_72' title='bbox 1181 1031 1231 1061; x_wconf 76' lang='lat' dir='ltr'>ap.</span> <span class='ocrx_word' id='word_1_73' title='bbox 1252 1020 1416 1058; x_wconf 75' lang='lat' dir='ltr'>Priscian..</span> 
     </span>
     <span class='ocr_line' id='line_1_12' title="bbox 105 1070 1413 1120; baseline -0.005 -12"><span class='ocrx_word' id='word_1_74' title='bbox 105 1076 201 1108; x_wconf 80' lang='lat' dir='ltr'>male.</span> <span class='ocrx_word' id='word_1_75' title='bbox 239 1077 363 1120; x_wconf 83' lang='lat' dir='ltr'>securem</span> <span class='ocrx_word' id='word_1_76' title='bbox 381 1072 526 1105; x_wconf 81' lang='lat' dir='ltr'>Heinsius</span> <span class='ocrx_word' id='word_1_77' title='bbox 541 1070 693 1113; x_wconf 85' lang='lat' dir='ltr'>reposuit,</span> <span class='ocrx_word' id='word_1_78' title='bbox 708 1078 860 1101; x_wconf 86' lang='lat' dir='ltr'>monente</span> <span class='ocrx_word' id='word_1_79' title='bbox 883 1071 996 1102; x_wconf 84' lang='lat' dir='ltr'>eodem</span> <span class='ocrx_word' id='word_1_80' title='bbox 1012 1070 1244 1108; x_wconf 85' lang='lat' dir='ltr'>Grammatico,</span> <span class='ocrx_word' id='word_1_81' title='bbox 1267 1082 1298 1102; x_wconf 83' lang='lat' dir='ltr'>et</span> <span class='ocrx_word' id='word_1_82' title='bbox 1315 1070 1413 1102; x_wconf 77' lang='lat' dir='ltr'>assez]-</span> 
     </span>
     <span class='ocr_line' id='line_1_13' title="bbox 102 1120 1412 1165; baseline -0.005 -6"><span class='ocrx_word' id='word_1_83' title='bbox 102 1126 257 1159; x_wconf 80' lang='lat' dir='ltr'>tientibus</span> <span class='ocrx_word' id='word_1_84' title='bbox 274 1126 360 1157; x_wconf 90' lang='lat' dir='ltr'>Gud.</span> <span class='ocrx_word' id='word_1_85' title='bbox 390 1132 422 1156; x_wconf 88' lang='lat' dir='ltr'>ct</span> <span class='ocrx_word' id='word_1_86' title='bbox 447 1123 506 1155; x_wconf 89' lang='lat' dir='ltr'>sec.</span> <span class='ocrx_word' id='word_1_87' title='bbox 534 1121 674 1153; x_wconf 85' lang='lat' dir='ltr'>Mentel.</span> <span class='ocrx_word' id='word_1_88' title='bbox 697 1121 764 1152; x_wconf 83' lang='lat' dir='ltr'>&#39;At</span> <span class='ocrx_word' id='word_1_89' title='bbox 788 1120 829 1153; x_wconf 87' lang='lat' dir='ltr'>cf.</span> <span class='ocrx_word' id='word_1_90' title='bbox 854 1120 911 1151; x_wconf 87' lang='lat' dir='ltr'>inf.</span> <span class='ocrx_word' id='word_1_91' title='bbox 939 1120 1012 1162; x_wconf 89' lang='lat'>697.</span> <span class='ocrx_word' id='word_1_92' title='bbox 1046 1121 1167 1165; x_wconf 80' lang='lat' dir='ltr'>securim</span> <span class='ocrx_word' id='word_1_93' title='bbox 1189 1128 1298 1151; x_wconf 86' lang='lat' dir='ltr'>tuetur</span> <span class='ocrx_word' id='word_1_94' title='bbox 1314 1122 1412 1153; x_wconf 86' lang='lat' dir='ltr'>Rom.</span> 
     </span>
     <span class='ocr_line' id='line_1_14' title="bbox 193 1171 1411 1217; baseline -0.003 -8"><span class='ocrx_word' id='word_1_95' title='bbox 193 1178 268 1217; x_wconf 80' lang='lat'><strong>657.</strong></span> <span class='ocrx_word' id='word_1_96' title='bbox 291 1177 366 1209; x_wconf 86' lang='lat' dir='ltr'>dura</span> <span class='ocrx_word' id='word_1_97' title='bbox 392 1178 489 1207; x_wconf 85' lang='lat' dir='ltr'>Rom.</span> <span class='ocrx_word' id='word_1_98' title='bbox 513 1182 544 1206; x_wconf 89' lang='lat' dir='ltr'>et</span> <span class='ocrx_word' id='word_1_99' title='bbox 565 1173 696 1205; x_wconf 78' lang='lat' dir='ltr'>Vratiss.</span> <span class='ocrx_word' id='word_1_100' title='bbox 742 1173 817 1205; x_wconf 83' lang='lat' dir='ltr'>diva</span> <span class='ocrx_word' id='word_1_101' title='bbox 833 1171 942 1215; x_wconf 85' lang='lat' dir='ltr'>paffim</span> <span class='ocrx_word' id='word_1_102' title='bbox 966 1172 1118 1214; x_wconf 84' lang='lat' dir='ltr'>scriptum</span> <span class='ocrx_word' id='word_1_103' title='bbox 1144 1172 1178 1202; x_wconf 85' lang='lat' dir='ltr'>in</span> <span class='ocrx_word' id='word_1_104' title='bbox 1205 1173 1296 1204; x_wconf 85' lang='lat' dir='ltr'>codd.</span> <span class='ocrx_word' id='word_1_105' title='bbox 1325 1173 1411 1205; x_wconf 84' lang='lat' dir='ltr'>Pier.</span> 
     </span>
     <span class='ocr_line' id='line_1_15' title="bbox 105 1223 1414 1267; baseline -0.004 -6"><span class='ocrx_word' id='word_1_106' title='bbox 105 1228 227 1261; x_wconf 83' lang='lat' dir='ltr'>Heinfii</span> <span class='ocrx_word' id='word_1_107' title='bbox 242 1235 274 1259; x_wconf 86' lang='lat' dir='ltr'>et</span> <span class='ocrx_word' id='word_1_108' title='bbox 294 1227 379 1259; x_wconf 85' lang='lat' dir='ltr'>binis</span> <span class='ocrx_word' id='word_1_109' title='bbox 404 1225 502 1257; x_wconf 84' lang='lat' dir='ltr'>Goth.</span> <span class='ocrx_word' id='word_1_110' title='bbox 527 1232 560 1256; x_wconf 87' lang='lat' dir='ltr'>et</span> <span class='ocrx_word' id='word_1_111' title='bbox 579 1224 662 1263; x_wconf 86' lang='lat' dir='ltr'>Erf.‚</span> <span class='ocrx_word' id='word_1_112' title='bbox 688 1223 728 1256; x_wconf 79' lang='lat' dir='ltr'>sic</span> <span class='ocrx_word' id='word_1_113' title='bbox 755 1231 788 1255; x_wconf 88' lang='lat' dir='ltr'>et</span> <span class='ocrx_word' id='word_1_114' title='bbox 816 1224 939 1255; x_wconf 89' lang='lat' dir='ltr'>Medic.</span> <span class='ocrx_word' id='word_1_115' title='bbox 956 1235 974 1255; x_wconf 87' lang='lat' dir='ltr'>a</span> <span class='ocrx_word' id='word_1_116' title='bbox 990 1235 1034 1255; x_wconf 90' lang='lat' dir='ltr'>m.</span> <span class='ocrx_word' id='word_1_117' title='bbox 1052 1234 1099 1265; x_wconf 83' lang='lat' dir='ltr'>pr.</span> <span class='ocrx_word' id='word_1_118' title='bbox 1188 1223 1260 1262; x_wconf 80' lang='lat'>658.</span> <span class='ocrx_word' id='word_1_119' title='bbox 1281 1225 1414 1267; x_wconf 62' lang='lat' dir='ltr'>pacisque</span> 
     </span>
     <span class='ocr_line' id='line_1_16' title="bbox 104 1274 1414 1317; baseline -0.002 -7"><span class='ocrx_word' id='word_1_120' title='bbox 104 1280 184 1313; x_wconf 83' lang='lat' dir='ltr'>bonae</span> <span class='ocrx_word' id='word_1_121' title='bbox 205 1286 285 1310; x_wconf 83' lang='lat' dir='ltr'>vett.</span> <span class='ocrx_word' id='word_1_122' title='bbox 305 1278 375 1311; x_wconf 85' lang='lat' dir='ltr'>edd.</span> <span class='ocrx_word' id='word_1_123' title='bbox 394 1277 509 1309; x_wconf 79' lang='lat' dir='ltr'>nostrae</span> <span class='ocrx_word' id='word_1_124' title='bbox 531 1286 662 1314; x_wconf 84' lang='lat' dir='ltr'>omnes3</span> <span class='ocrx_word' id='word_1_125' title='bbox 686 1283 757 1307; x_wconf 84' lang='lat' dir='ltr'>tum</span> <span class='ocrx_word' id='word_1_126' title='bbox 771 1275 856 1307; x_wconf 88' lang='lat' dir='ltr'>bonas</span> <span class='ocrx_word' id='word_1_127' title='bbox 872 1275 1079 1306; x_wconf 83' lang='lat' dir='ltr'>emendatum</span> <span class='ocrx_word' id='word_1_128' title='bbox 1102 1274 1133 1305; x_wconf 88' lang='lat' dir='ltr'>in</span> <span class='ocrx_word' id='word_1_129' title='bbox 1148 1275 1197 1306; x_wconf 88' lang='lat' dir='ltr'>ed.</span> <span class='ocrx_word' id='word_1_130' title='bbox 1215 1275 1292 1307; x_wconf 89' lang='lat' dir='ltr'>Ald.</span> <span class='ocrx_word' id='word_1_131' title='bbox 1312 1287 1361 1317; x_wconf 88' lang='lat' dir='ltr'>pr.</span> <span class='ocrx_word' id='word_1_132' title='bbox 1381 1283 1414 1308; x_wconf 83' lang='lat' dir='ltr'>et</span> 
     </span>
     <span class='ocr_line' id='line_1_17' title="bbox 102 1326 1415 1369; baseline -0.003 -7"><span class='ocrx_word' id='word_1_133' title='bbox 102 1330 185 1369; x_wconf 78' lang='lat' dir='ltr'>see-3</span> <span class='ocrx_word' id='word_1_134' title='bbox 207 1338 239 1362; x_wconf 86' lang='lat' dir='ltr'>at</span> <span class='ocrx_word' id='word_1_135' title='bbox 254 1330 332 1362; x_wconf 78' lang='lat' dir='ltr'>bonae</span> <span class='ocrx_word' id='word_1_136' title='bbox 348 1331 466 1360; x_wconf 87' lang='lat' dir='ltr'>iterum</span> <span class='ocrx_word' id='word_1_137' title='bbox 482 1335 668 1359; x_wconf 88' lang='lat' dir='ltr'>revocatum</span> <span class='ocrx_word' id='word_1_138' title='bbox 683 1327 716 1358; x_wconf 88' lang='lat' dir='ltr'>in</span> <span class='ocrx_word' id='word_1_139' title='bbox 733 1326 810 1358; x_wconf 87' lang='lat' dir='ltr'>Ald.</span> <span class='ocrx_word' id='word_1_140' title='bbox 829 1334 901 1358; x_wconf 87' lang='lat' dir='ltr'>tert.</span> <span class='ocrx_word' id='word_1_141' title='bbox 924 1333 957 1357; x_wconf 86' lang='lat' dir='ltr'>et</span> <span class='ocrx_word' id='word_1_142' title='bbox 973 1326 1047 1357; x_wconf 86' lang='lat' dir='ltr'>hinc</span> <span class='ocrx_word' id='word_1_143' title='bbox 1063 1326 1185 1364; x_wconf 70' lang='lat' dir='ltr'>du&lt;ffis3</span> <span class='ocrx_word' id='word_1_144' title='bbox 1209 1327 1309 1357; x_wconf 72' lang='lat' dir='ltr'>donec</span> <span class='ocrx_word' id='word_1_145' title='bbox 1326 1327 1415 1369; x_wconf 86' lang='lat' dir='ltr'>prior</span> 
     </span>
     <span class='ocr_line' id='line_1_18' title="bbox 104 1376 1413 1418; baseline -0.005 -4"><span class='ocrx_word' id='word_1_146' title='bbox 104 1381 201 1413; x_wconf 70' lang='lat' dir='ltr'>leffio</span> <span class='ocrx_word' id='word_1_147' title='bbox 215 1382 298 1413; x_wconf 77' lang='lat' dir='ltr'>bonas</span> <span class='ocrx_word' id='word_1_148' title='bbox 313 1380 430 1412; x_wconf 85' lang='lat' dir='ltr'>iterum</span> <span class='ocrx_word' id='word_1_149' title='bbox 447 1378 607 1410; x_wconf 82' lang='lat' dir='ltr'>obtineret</span> <span class='ocrx_word' id='word_1_150' title='bbox 623 1388 640 1408; x_wconf 88' lang='lat' dir='ltr'>e</span> <span class='ocrx_word' id='word_1_151' title='bbox 658 1377 851 1408; x_wconf 87' lang='lat' dir='ltr'>Commelin.</span> <span class='ocrx_word' id='word_1_152' title='bbox 870 1376 976 1407; x_wconf 83' lang='lat' dir='ltr'>Pulm.</span> <span class='ocrx_word' id='word_1_153' title='bbox 992 1376 1114 1418; x_wconf 89' lang='lat' dir='ltr'>Steph.,</span> <span class='ocrx_word' id='word_1_154' title='bbox 1131 1386 1229 1416; x_wconf 85' lang='lat' dir='ltr'>quam</span> <span class='ocrx_word' id='word_1_155' title='bbox 1245 1376 1413 1408; x_wconf 87' lang='lat' dir='ltr'>meliorem</span> 
     </span>
     <span class='ocr_line' id='line_1_19' title="bbox 104 1426 1412 1468; baseline -0.005 -4"><span class='ocrx_word' id='word_1_156' title='bbox 104 1432 279 1465; x_wconf 59' lang='lat' dir='ltr'>lecffionem</span> <span class='ocrx_word' id='word_1_157' title='bbox 300 1430 420 1462; x_wconf 80' lang='lat' dir='ltr'>habent</span> <span class='ocrx_word' id='word_1_158' title='bbox 434 1429 582 1461; x_wconf 83' lang='lat' dir='ltr'>meliores</span> <span class='ocrx_word' id='word_1_159' title='bbox 597 1429 707 1461; x_wconf 76' lang='lat' dir='ltr'>Heius.</span> <span class='ocrx_word' id='word_1_160' title='bbox 727 1439 800 1459; x_wconf 88' lang='lat' dir='ltr'>cum</span> <span class='ocrx_word' id='word_1_161' title='bbox 817 1428 986 1466; x_wconf 88' lang='lat' dir='ltr'>Mediceo;</span> <span class='ocrx_word' id='word_1_162' title='bbox 1009 1426 1213 1468; x_wconf 80' lang='lat' dir='ltr'>agnoscitque</span> <span class='ocrx_word' id='word_1_163' title='bbox 1229 1438 1299 1458; x_wconf 88' lang='lat' dir='ltr'>eam</span> <span class='ocrx_word' id='word_1_164' title='bbox 1327 1431 1412 1460; x_wconf 78' lang='lat' dir='ltr'>Aru-</span> 
     </span>
     <span class='ocr_line' id='line_1_20' title="bbox 103 1479 1413 1518; baseline -0.003 -3"><span class='ocrx_word' id='word_1_165' title='bbox 103 1483 206 1515; x_wconf 79' lang='lat' dir='ltr'>sianus</span> <span class='ocrx_word' id='word_1_166' title='bbox 218 1482 360 1514; x_wconf 85' lang='lat' dir='ltr'>Meffius.</span> <span class='ocrx_word' id='word_1_167' title='bbox 393 1482 471 1513; x_wconf 82' lang='lat' dir='ltr'>honae</span> <span class='ocrx_word' id='word_1_168' title='bbox 486 1488 595 1511; x_wconf 84' lang='lat' dir='ltr'>tamen</span> <span class='ocrx_word' id='word_1_169' title='bbox 610 1487 720 1511; x_wconf 84' lang='lat' dir='ltr'>tuetur</span> <span class='ocrx_word' id='word_1_170' title='bbox 736 1481 833 1510; x_wconf 88' lang='lat' dir='ltr'>Rom.</span> <span class='ocrx_word' id='word_1_171' title='bbox 846 1489 918 1510; x_wconf 89' lang='lat' dir='ltr'>cum</span> <span class='ocrx_word' id='word_1_172' title='bbox 935 1479 1004 1510; x_wconf 87' lang='lat' dir='ltr'>aliis</span> <span class='ocrx_word' id='word_1_173' title='bbox 1015 1479 1100 1509; x_wconf 87' lang='lat' dir='ltr'>Pier.</span> <span class='ocrx_word' id='word_1_174' title='bbox 1119 1479 1229 1509; x_wconf 82' lang='lat' dir='ltr'>Heius.</span> <span class='ocrx_word' id='word_1_175' title='bbox 1245 1487 1276 1510; x_wconf 83' lang='lat' dir='ltr'>et</span> <span class='ocrx_word' id='word_1_176' title='bbox 1291 1481 1413 1518; x_wconf 69' lang='lat' dir='ltr'>Burm..</span> 
     </span>
     <span class='ocr_line' id='line_1_21' title="bbox 103 1530 1410 1574; baseline -0.002 -7"><span class='ocrx_word' id='word_1_177' title='bbox 103 1546 140 1567; x_wconf 86' lang='lat' dir='ltr'>ac</span> <span class='ocrx_word' id='word_1_178' title='bbox 169 1535 252 1566; x_wconf 87' lang='lat' dir='ltr'>binis</span> <span class='ocrx_word' id='word_1_179' title='bbox 282 1533 395 1571; x_wconf 57' lang='lat' dir='ltr'>Goth„</span> <span class='ocrx_word' id='word_1_180' title='bbox 419 1540 490 1563; x_wconf 90' lang='lat' dir='ltr'>tum</span> <span class='ocrx_word' id='word_1_181' title='bbox 515 1531 657 1574; x_wconf 85' lang='lat' dir='ltr'>agnoscit</span> <span class='ocrx_word' id='word_1_182' title='bbox 690 1531 828 1563; x_wconf 86' lang='lat' dir='ltr'>Servius.</span> <span class='ocrx_word' id='word_1_183' title='bbox 874 1532 939 1562; x_wconf 87' lang='lat' dir='ltr'>bono</span> <span class='ocrx_word' id='word_1_184' title='bbox 969 1531 1078 1561; x_wconf 86' lang='lat' dir='ltr'>Franc.</span> <span class='ocrx_word' id='word_1_185' title='bbox 1123 1530 1246 1572; x_wconf 80' lang='lat' dir='ltr'>belloque</span> <span class='ocrx_word' id='word_1_186' title='bbox 1273 1532 1410 1565; x_wconf 83' lang='lat' dir='ltr'>Oudart.</span> 
     </span>
     <span class='ocr_line' id='line_1_22' title="bbox 102 1580 1412 1630; baseline -0.005 -11"><span class='ocrx_word' id='word_1_187' title='bbox 102 1586 258 1630; x_wconf 75' lang='lat' dir='ltr'>mimstrans</span> <span class='ocrx_word' id='word_1_188' title='bbox 277 1586 385 1615; x_wconf 88' lang='lat' dir='ltr'>Franc.</span> <span class='ocrx_word' id='word_1_189' title='bbox 474 1581 548 1623; x_wconf 84' lang='lat'>659.</span> <span class='ocrx_word' id='word_1_190' title='bbox 571 1582 702 1613; x_wconf 68' lang='lat' dir='ltr'>‘Threicio</span> <span class='ocrx_word' id='word_1_191' title='bbox 717 1583 792 1612; x_wconf 82' lang='lat' dir='ltr'>Exc.</span> <span class='ocrx_word' id='word_1_192' title='bbox 811 1583 921 1613; x_wconf 86' lang='lat' dir='ltr'>Burm.</span> <span class='ocrx_word' id='word_1_193' title='bbox 966 1581 1099 1612; x_wconf 79' lang='lat' dir='ltr'>‘Threicia</span> <span class='ocrx_word' id='word_1_194' title='bbox 1110 1580 1226 1611; x_wconf 78' lang='lat' dir='ltr'>vitium</span> <span class='ocrx_word' id='word_1_195' title='bbox 1243 1592 1412 1622; x_wconf 84' lang='lat' dir='ltr'>operarum</span> 
     </span>
     <span class='ocr_line' id='line_1_23' title="bbox 105 1631 1412 1675; baseline -0.004 -5"><span class='ocrx_word' id='word_1_196' title='bbox 105 1639 154 1670; x_wconf 83' lang='lat' dir='ltr'>ed.</span> <span class='ocrx_word' id='word_1_197' title='bbox 181 1637 224 1669; x_wconf 86' lang='lat' dir='ltr'>N.</span> <span class='ocrx_word' id='word_1_198' title='bbox 247 1635 355 1667; x_wconf 82' lang='lat' dir='ltr'>Heius.</span> <span class='ocrx_word' id='word_1_199' title='bbox 400 1634 623 1666; x_wconf 70' lang='lat' dir='ltr'>Thermodoontis</span> <span class='ocrx_word' id='word_1_200' title='bbox 638 1633 749 1675; x_wconf 84' lang='lat' dir='ltr'>vulgg.</span> <span class='ocrx_word' id='word_1_201' title='bbox 774 1632 884 1675; x_wconf 78' lang='lat' dir='ltr'>paffim</span> <span class='ocrx_word' id='word_1_202' title='bbox 908 1631 994 1669; x_wconf 84' lang='lat' dir='ltr'>edd.‚</span> <span class='ocrx_word' id='word_1_203' title='bbox 1018 1631 1097 1663; x_wconf 87' lang='lat' dir='ltr'>item</span> <span class='ocrx_word' id='word_1_204' title='bbox 1120 1640 1198 1662; x_wconf 84' lang='lat' dir='ltr'>vett.</span> <span class='ocrx_word' id='word_1_205' title='bbox 1225 1633 1332 1671; x_wconf 88' lang='lat' dir='ltr'>codd.,</span> <span class='ocrx_word' id='word_1_206' title='bbox 1357 1635 1412 1666; x_wconf 75' lang='lat' dir='ltr'>etsi</span> 
     </span>
     <span class='ocr_line' id='line_1_24' title="bbox 101 1683 1416 1733; baseline -0.004 -13"><span class='ocrx_word' id='word_1_207' title='bbox 101 1691 169 1733; x_wconf 80' lang='lat' dir='ltr'>jam</span> <span class='ocrx_word' id='word_1_208' title='bbox 184 1687 393 1719; x_wconf 85' lang='lat' dir='ltr'>emendatum</span> <span class='ocrx_word' id='word_1_209' title='bbox 409 1685 566 1716; x_wconf 84' lang='lat' dir='ltr'>dederunt</span> <span class='ocrx_word' id='word_1_210' title='bbox 593 1685 774 1726; x_wconf 81' lang='lat' dir='ltr'>Naugerius</span> <span class='ocrx_word' id='word_1_211' title='bbox 800 1692 831 1715; x_wconf 87' lang='lat' dir='ltr'>et</span> <span class='ocrx_word' id='word_1_212' title='bbox 858 1683 1022 1724; x_wconf 78' lang='lat' dir='ltr'>Egnatius.</span> <span class='ocrx_word' id='word_1_213' title='bbox 1067 1684 1131 1714; x_wconf 76' lang='lat' dir='ltr'>Res</span> <span class='ocrx_word' id='word_1_214' title='bbox 1151 1693 1237 1714; x_wconf 85' lang='lat' dir='ltr'>nunc</span> <span class='ocrx_word' id='word_1_215' title='bbox 1260 1692 1336 1715; x_wconf 83' lang='lat' dir='ltr'>nota</span> <span class='ocrx_word' id='word_1_216' title='bbox 1359 1685 1416 1725; x_wconf 74' lang='lat' dir='ltr'>est,</span> 
     </span>
     <span class='ocr_line' id='line_1_25' title="bbox 102 1734 1079 1780; baseline -0.011 -6"><span class='ocrx_word' id='word_1_217' title='bbox 102 1740 164 1774; x_wconf 69' lang='lat' dir='ltr'>effe</span> <span class='ocrx_word' id='word_1_218' title='bbox 179 1738 385 1772; x_wconf 76' lang='lat' dir='ltr'>‘Thermodontis</span> <span class='ocrx_word' id='word_1_219' title='bbox 400 1747 418 1767; x_wconf 85' lang='lat' dir='ltr'>a</span> <span class='ocrx_word' id='word_1_220' title='bbox 435 1734 598 1780; x_wconf 67' lang='grc' dir='ltr'>Θεξμῶδων,</span> <span class='ocrx_word' id='word_1_221' title='bbox 613 1749 695 1770; x_wconf 70' lang='grc' dir='ltr'><strong><em>οντος.</em></strong></span> <span class='ocrx_word' id='word_1_222' title='bbox 719 1735 758 1768; x_wconf 89' lang='lat' dir='ltr'>cf.</span> <span class='ocrx_word' id='word_1_223' title='bbox 775 1734 930 1778; x_wconf 79' lang='lat' dir='ltr'>Apollon.</span> <span class='ocrx_word' id='word_1_224' title='bbox 947 1735 988 1773; x_wconf 88' lang='lat'>11,</span> <span class='ocrx_word' id='word_1_225' title='bbox 1003 1742 1079 1776; x_wconf 85' lang='lat'>972.</span> 
     </span>
    </p>
   </div>
   <div class='ocr_carea' id='block_1_6' title="bbox 184 992 266 998">
    <p class='ocr_par' dir='ltr' id='par_1_6' title="bbox 184 992 266 998">
     <span class='ocr_line' id='line_1_26' title="bbox 184 992 266 998; baseline 0 0"><span class='ocrx_word' id='word_1_226' title='bbox 184 992 266 998; x_wconf 95' lang='lat' dir='ltr'> </span> 
     </span>
    </p>
   </div>
   <div class='ocr_carea' id='block_1_7' title="bbox 104 1196 191 1203">
    <p class='ocr_par' dir='ltr' id='par_1_7' title="bbox 104 1196 191 1203">
     <span class='ocr_line' id='line_1_27' title="bbox 104 1196 191 1203; baseline 0 2110"><span class='ocrx_word' id='word_1_227' title='bbox 104 1196 191 1203; x_wconf 95' lang='lat' dir='ltr'> </span> 
     </span>
    </p>
   </div>
   <div class='ocr_carea' id='block_1_8' title="bbox 1101 1239 1186 1246">
    <p class='ocr_par' dir='ltr' id='par_1_8' title="bbox 1101 1239 1186 1246">
     <span class='ocr_line' id='line_1_28' title="bbox 1101 1239 1186 1246; baseline 0 2067"><span class='ocrx_word' id='word_1_228' title='bbox 1101 1239 1186 1246; x_wconf 95' lang='lat' dir='ltr'> </span> 
     </span>
    </p>
   </div>
   <div class='ocr_carea' id='block_1_9' title="bbox 386 1601 469 1607">
    <p class='ocr_par' dir='ltr' id='par_1_9' title="bbox 386 1601 469 1607">
     <span class='ocr_line' id='line_1_29' title="bbox 386 1601 469 1607; baseline 0 0"><span class='ocrx_word' id='word_1_229' title='bbox 386 1601 469 1607; x_wconf 95' lang='lat' dir='ltr'> </span> 
     </span>
    </p>
   </div>
   <div class='ocr_carea' id='block_1_10' title="bbox 788 1846 1414 1951">
    <p class='ocr_par' dir='ltr' id='par_1_10' title="bbox 788 1846 1414 1951">
     <span class='ocr_line' id='line_1_30' title="bbox 790 1846 1413 1887; baseline -0.002 -2"><span class='ocrx_word' id='word_1_230' title='bbox 790 1846 830 1886; x_wconf 90' lang='lat' dir='ltr'>ni</span> <span class='ocrx_word' id='word_1_231' title='bbox 849 1856 1008 1886; x_wconf 88' lang='lat' dir='ltr'>veterum</span> <span class='ocrx_word' id='word_1_232' title='bbox 1027 1846 1197 1887; x_wconf 86' lang='lat' dir='ltr'>consensu</span> <span class='ocrx_word' id='word_1_233' title='bbox 1218 1847 1263 1885; x_wconf 85' lang='lat' dir='ltr'>iis</span> <span class='ocrx_word' id='word_1_234' title='bbox 1282 1847 1413 1885; x_wconf 89' lang='lat' dir='ltr'>tribui-</span> 
     </span>
     <span class='ocr_line' id='line_1_31' title="bbox 788 1900 1414 1951; baseline -0.002 -14"><span class='ocrx_word' id='word_1_235' title='bbox 788 1909 861 1944; x_wconf 88' lang='lat' dir='ltr'>tur,</span> <span class='ocrx_word' id='word_1_236' title='bbox 880 1901 942 1938; x_wconf 79' lang='lat' dir='ltr'>etsi</span> <span class='ocrx_word' id='word_1_237' title='bbox 961 1900 1119 1951; x_wconf 78' lang='lat' dir='ltr'>vulgaris</span> <span class='ocrx_word' id='word_1_238' title='bbox 1139 1900 1258 1937; x_wconf 84' lang='lat' dir='ltr'>fabula</span> <span class='ocrx_word' id='word_1_239' title='bbox 1286 1914 1306 1936; x_wconf 85' lang='lat' dir='ltr'>a</span> <span class='ocrx_word' id='word_1_240' title='bbox 1339 1901 1414 1936; x_wconf 88' lang='lat' dir='ltr'>Ta-</span> 
     </span>
    </p>
   </div>
   <div class='ocr_carea' id='block_1_11' title="bbox 103 1846 727 1957">
    <p class='ocr_par' dir='ltr' id='par_1_11' title="bbox 103 1846 724 1950">
     <span class='ocr_line' id='line_1_32' title="bbox 103 1846 724 1899; baseline -0.003 -12.921"><span class='ocrx_word' id='word_1_241' title='bbox 103 1849 177 1886; x_wconf 74' lang='lat' dir='ltr'>etst</span> <span class='ocrx_word' id='word_1_242' title='bbox 222 1847 247 1885; x_wconf 84' lang='lat' dir='ltr'><strong>fi</strong></span> <span class='ocrx_word' id='word_1_243' title='bbox 290 1857 433 1899; x_wconf 87' lang='lat' dir='ltr'>tergum</span> <span class='ocrx_word' id='word_1_244' title='bbox 478 1846 603 1892; x_wconf 85' lang='lat' dir='ltr'>vertit,</span> <span class='ocrx_word' id='word_1_245' title='bbox 647 1846 724 1886; x_wconf 85' lang='lat' dir='ltr'>dat.</span> 
     </span>
     <span class='ocr_line' id='line_1_33' title="bbox 103 1898 727 1957; baseline -0.005 -19"><span class='ocrx_word' id='word_1_246' title='bbox 103 1901 194 1950; x_wconf 75' lang='grc'><strong>654.</strong></span> <span class='ocrx_word' id='word_1_247' title='bbox 211 1901 345 1950; x_wconf 84' lang='lat' dir='ltr'>spicula</span> <span class='ocrx_word' id='word_1_248' title='bbox 358 1903 552 1957; x_wconf 80' lang='lat' dir='ltr'>fugientia,</span> <span class='ocrx_word' id='word_1_249' title='bbox 576 1898 652 1950; x_wconf 82' lang='lat' dir='ltr'>ipsa</span> <span class='ocrx_word' id='word_1_250' title='bbox 669 1898 727 1935; x_wconf 91' lang='lat' dir='ltr'>fu-</span> 
     </span>
    </p>
   </div>
   <div class='ocr_carea' id='block_1_12' title="bbox 103 1949 730 2826">
    <p class='ocr_par' dir='ltr' id='par_1_12' title="bbox 103 1949 726 2038">
     <span class='ocr_line' id='line_1_34' title="bbox 103 1949 726 2038; baseline -0.002 -50"><span class='ocrx_word' id='word_1_251' title='bbox 103 1952 221 2003; x_wconf 83' lang='lat' dir='ltr'>giens,</span> <span class='ocrx_word' id='word_1_252' title='bbox 251 1961 290 1989; x_wconf 90' lang='lat' dir='ltr'>ut</span> <span class='ocrx_word' id='word_1_253' title='bbox 317 1951 409 1988; x_wconf 56' lang='lat' dir='ltr'>reete</span> <span class='ocrx_word' id='word_1_254' title='bbox 426 1949 583 1988; x_wconf 90' lang='lat' dir='ltr'>Servius.</span> <span class='ocrx_word' id='word_1_255' title='bbox 637 1951 726 2038; x_wconf 60' lang='lat' dir='ltr'><strong>6g8.</strong></span> 
     </span>
    </p>

    <p class='ocr_par' dir='ltr' id='par_1_13' title="bbox 104 2001 729 2826">
     <span class='ocr_line' id='line_1_35' title="bbox 105 2001 729 2053; baseline -0.003 -13"><span class='ocrx_word' id='word_1_256' title='bbox 105 2006 285 2053; x_wconf 81' lang='lat' dir='ltr'>ministras,</span> <span class='ocrx_word' id='word_1_257' title='bbox 299 2001 474 2039; x_wconf 89' lang='lat' dir='ltr'>comites.</span> <span class='ocrx_word' id='word_1_258' title='bbox 504 2002 564 2039; x_wconf 91' lang='lat' dir='ltr'>Sic</span> <span class='ocrx_word' id='word_1_259' title='bbox 582 2001 668 2048; x_wconf 67' lang='grc' dir='ltr'>δμωὶ</span> <span class='ocrx_word' id='word_1_260' title='bbox 686 2019 729 2039; x_wconf 75' lang='grc' dir='ltr'>ας</span> 
     </span>
     <span class='ocr_line' id='line_1_36' title="bbox 106 2053 726 2103; baseline 0 -12"><span class='ocrx_word' id='word_1_261' title='bbox 106 2054 330 2093; x_wconf 83' lang='lat' dir='ltr'>Penthefileae</span> <span class='ocrx_word' id='word_1_262' title='bbox 359 2055 421 2090; x_wconf 84' lang='lat' dir='ltr'>dat</span> <span class='ocrx_word' id='word_1_263' title='bbox 439 2053 600 2103; x_wconf 83' lang='lat' dir='ltr'>Qintus</span> <span class='ocrx_word' id='word_1_264' title='bbox 618 2054 726 2091; x_wconf 86' lang='lat' dir='ltr'>Cala-</span> 
     </span>
     <span class='ocr_line' id='line_1_37' title="bbox 104 2105 727 2156; baseline 0.002 -13"><span class='ocrx_word' id='word_1_265' title='bbox 104 2105 170 2143; x_wconf 83' lang='lat' dir='ltr'>ber</span> <span class='ocrx_word' id='word_1_266' title='bbox 199 2106 265 2143; x_wconf 83' lang='lat' dir='ltr'>lib.</span> <span class='ocrx_word' id='word_1_267' title='bbox 299 2105 333 2150; x_wconf 87' lang='lat' dir='ltr'>I,</span> <span class='ocrx_word' id='word_1_268' title='bbox 367 2118 429 2154; x_wconf 83' lang='lat'>33,</span> <span class='ocrx_word' id='word_1_269' title='bbox 464 2114 502 2141; x_wconf 79' lang='lat' dir='ltr'>ut</span> <span class='ocrx_word' id='word_1_270' title='bbox 531 2105 727 2156; x_wconf 53' lang='lat' dir='ltr'>&amp;rechten-res</span> 
     </span>
     <span class='ocr_line' id='line_1_38' title="bbox 105 2155 727 2195; baseline 0 -1"><span class='ocrx_word' id='word_1_271' title='bbox 105 2158 256 2195; x_wconf 80' lang='lat' dir='ltr'>heroum</span> <span class='ocrx_word' id='word_1_272' title='bbox 296 2155 388 2194; x_wconf 88' lang='lat' dir='ltr'>sunt.</span> <span class='ocrx_word' id='word_1_273' title='bbox 450 2156 589 2194; x_wconf 85' lang='lat' dir='ltr'>Totum</span> <span class='ocrx_word' id='word_1_274' title='bbox 624 2158 727 2195; x_wconf 86' lang='lat' dir='ltr'>illum</span> 
     </span>
     <span class='ocr_line' id='line_1_39' title="bbox 106 2207 727 2259; baseline 0.002 -14"><span class='ocrx_word' id='word_1_275' title='bbox 106 2210 228 2247; x_wconf 81' lang='lat' dir='ltr'>locum</span> <span class='ocrx_word' id='word_1_276' title='bbox 246 2210 291 2246; x_wconf 90' lang='lat' dir='ltr'>de</span> <span class='ocrx_word' id='word_1_277' title='bbox 304 2207 522 2246; x_wconf 77' lang='lat' dir='ltr'>Penthesilea</span> <span class='ocrx_word' id='word_1_278' title='bbox 541 2217 577 2245; x_wconf 88' lang='lat' dir='ltr'>et</span> <span class='ocrx_word' id='word_1_279' title='bbox 590 2220 727 2259; x_wconf 87' lang='lat' dir='ltr'>partem</span> 
     </span>
     <span class='ocr_line' id='line_1_40' title="bbox 105 2259 722 2310; baseline 0 -13"><span class='ocrx_word' id='word_1_280' title='bbox 105 2260 193 2298; x_wconf 85' lang='lat' dir='ltr'>libri</span> <span class='ocrx_word' id='word_1_281' title='bbox 209 2259 394 2298; x_wconf 74' lang='lat' dir='ltr'>contulisse</span> <span class='ocrx_word' id='word_1_282' title='bbox 410 2272 481 2295; x_wconf 86' lang='lat' dir='ltr'>non</span> <span class='ocrx_word' id='word_1_283' title='bbox 509 2260 722 2310; x_wconf 86' lang='lat' dir='ltr'>poenitebit:</span> 
     </span>
     <span class='ocr_line' id='line_1_41' title="bbox 106 2310 724 2362; baseline -0.002 -13"><span class='ocrx_word' id='word_1_284' title='bbox 106 2322 146 2349; x_wconf 84' lang='lat' dir='ltr'>ut</span> <span class='ocrx_word' id='word_1_285' title='bbox 164 2312 313 2349; x_wconf 89' lang='lat' dir='ltr'>omnino</span> <span class='ocrx_word' id='word_1_286' title='bbox 331 2310 478 2362; x_wconf 72' lang='lat' dir='ltr'>poetico</span> <span class='ocrx_word' id='word_1_287' title='bbox 500 2322 626 2348; x_wconf 89' lang='lat' dir='ltr'>ornatu</span> <span class='ocrx_word' id='word_1_288' title='bbox 646 2313 724 2348; x_wconf 83' lang='lat' dir='ltr'>nul-</span> 
     </span>
     <span class='ocr_line' id='line_1_42' title="bbox 105 2364 728 2414; baseline 0 -14"><span class='ocrx_word' id='word_1_289' title='bbox 105 2364 162 2400; x_wconf 89' lang='lat' dir='ltr'>lus</span> <span class='ocrx_word' id='word_1_290' title='bbox 189 2374 346 2400; x_wconf 87' lang='lat' dir='ltr'>veterum</span> <span class='ocrx_word' id='word_1_291' title='bbox 364 2367 552 2412; x_wconf 72' lang='lat' dir='ltr'>poetarum</span> <span class='ocrx_word' id='word_1_292' title='bbox 571 2364 728 2414; x_wconf 83' lang='lat' dir='ltr'>locuple-</span> 
     </span>
     <span class='ocr_line' id='line_1_43' title="bbox 107 2414 727 2472; baseline 0.002 -21"><span class='ocrx_word' id='word_1_293' title='bbox 107 2415 181 2451; x_wconf 85' lang='lat' dir='ltr'>tior</span> <span class='ocrx_word' id='word_1_294' title='bbox 210 2415 280 2452; x_wconf 86' lang='lat' dir='ltr'>hoc</span> <span class='ocrx_word' id='word_1_295' title='bbox 308 2414 449 2472; x_wconf 78' lang='lat' dir='ltr'>Qinto</span> <span class='ocrx_word' id='word_1_296' title='bbox 477 2415 548 2458; x_wconf 79' lang='lat' dir='ltr'>est3</span> <span class='ocrx_word' id='word_1_297' title='bbox 576 2429 642 2452; x_wconf 86' lang='lat' dir='ltr'>nec</span> <span class='ocrx_word' id='word_1_298' title='bbox 660 2416 727 2452; x_wconf 88' lang='lat' dir='ltr'>du-</span> 
     </span>
     <span class='ocr_line' id='line_1_44' title="bbox 107 2465 726 2516; baseline -0.002 -13"><span class='ocrx_word' id='word_1_299' title='bbox 107 2466 188 2504; x_wconf 90' lang='lat' dir='ltr'>bito</span> <span class='ocrx_word' id='word_1_300' title='bbox 206 2465 424 2516; x_wconf 85' lang='lat' dir='ltr'>antiquiores</span> <span class='ocrx_word' id='word_1_301' title='bbox 441 2478 525 2515; x_wconf 81' lang='lat' dir='ltr'>opes</span> <span class='ocrx_word' id='word_1_302' title='bbox 544 2466 582 2503; x_wconf 89' lang='lat' dir='ltr'>in</span> <span class='ocrx_word' id='word_1_303' title='bbox 606 2468 726 2504; x_wconf 85' lang='lat' dir='ltr'>latere.</span> 
     </span>
     <span class='ocr_line' id='line_1_45' title="bbox 107 2517 727 2569; baseline 0 -15"><span class='ocrx_word' id='word_1_304' title='bbox 107 2520 195 2569; x_wconf 79' lang='grc'>659.</span> <span class='ocrx_word' id='word_1_305' title='bbox 225 2517 391 2555; x_wconf 75' lang='lat' dir='ltr'>Threiciae</span> <span class='ocrx_word' id='word_1_306' title='bbox 417 2518 633 2554; x_wconf 80' lang='lat' dir='ltr'>Amazones:</span> <span class='ocrx_word' id='word_1_307' title='bbox 661 2531 727 2569; x_wconf 86' lang='lat' dir='ltr'>pro</span> 
     </span>
     <span class='ocr_line' id='line_1_46' title="bbox 108 2569 724 2619; baseline 0.002 -13"><span class='ocrx_word' id='word_1_308' title='bbox 108 2569 290 2619; x_wconf 85' lang='lat' dir='ltr'>Scythicis</span> <span class='ocrx_word' id='word_1_309' title='bbox 309 2569 362 2604; x_wconf 84' lang='lat' dir='ltr'>vel</span> <span class='ocrx_word' id='word_1_310' title='bbox 388 2569 593 2606; x_wconf 82' lang='lat' dir='ltr'>Sarmaticis</span> <span class='ocrx_word' id='word_1_311' title='bbox 611 2570 724 2613; x_wconf 83' lang='lat' dir='ltr'>dixit,</span> 
     </span>
     <span class='ocr_line' id='line_1_47' title="bbox 108 2620 726 2671; baseline 0.002 -15"><span class='ocrx_word' id='word_1_312' title='bbox 108 2630 149 2656; x_wconf 84' lang='lat' dir='ltr'>ut</span> <span class='ocrx_word' id='word_1_313' title='bbox 167 2620 365 2657; x_wconf 82' lang='lat' dir='ltr'>Threissam</span> <span class='ocrx_word' id='word_1_314' title='bbox 393 2621 554 2669; x_wconf 76' lang='lat' dir='ltr'>Harpaly</span> <span class='ocrx_word' id='word_1_315' title='bbox 559 2633 622 2657; x_wconf 91' lang='lat' dir='ltr'>cen</span> <span class='ocrx_word' id='word_1_316' title='bbox 651 2621 726 2671; x_wconf 87' lang='lat' dir='ltr'>sup.</span> 
     </span>
     <span class='ocr_line' id='line_1_48' title="bbox 107 2671 729 2722; baseline 0.003 -15"><span class='ocrx_word' id='word_1_317' title='bbox 107 2671 174 2708; x_wconf 87' lang='lat' dir='ltr'>lib.</span> <span class='ocrx_word' id='word_1_318' title='bbox 210 2672 243 2717; x_wconf 86' lang='lat' dir='ltr'>I,</span> <span class='ocrx_word' id='word_1_319' title='bbox 277 2686 316 2720; x_wconf 85' lang='lat'>3:</span> <span class='ocrx_word' id='word_1_320' title='bbox 327 2672 365 2714; x_wconf 91' lang='lat'>6,</span> <span class='ocrx_word' id='word_1_321' title='bbox 409 2673 508 2720; x_wconf 87' lang='lat' dir='ltr'>quod</span> <span class='ocrx_word' id='word_1_322' title='bbox 547 2682 689 2722; x_wconf 67' lang='lat' dir='ltr'>tamqua</span> <span class='ocrx_word' id='word_1_323' title='bbox 695 2687 729 2709; x_wconf 89' lang='lat' dir='ltr'>rn</span> 
     </span>
     <span class='ocr_line' id='line_1_49' title="bbox 110 2723 730 2772; baseline 0.005 -14"><span class='ocrx_word' id='word_1_324' title='bbox 110 2727 232 2772; x_wconf 81' lang='lat' dir='ltr'>po&#39;e&#39;ta,</span> <span class='ocrx_word' id='word_1_325' title='bbox 257 2724 336 2772; x_wconf 86' lang='lat' dir='ltr'>jure</span> <span class='ocrx_word' id='word_1_326' title='bbox 353 2723 416 2760; x_wconf 78' lang='lat' dir='ltr'>suo</span> <span class='ocrx_word' id='word_1_327' title='bbox 431 2723 529 2760; x_wconf 78' lang='lat' dir='ltr'>tecit</span> <span class='ocrx_word' id='word_1_328' title='bbox 587 2726 730 2761; x_wconf 82' lang='lat' dir='ltr'>Sarma-</span> 
     </span>
     <span class='ocr_line' id='line_1_50' title="bbox 107 2774 728 2826; baseline 0.005 -15"><span class='ocrx_word' id='word_1_329' title='bbox 107 2774 180 2812; x_wconf 74' lang='lat' dir='ltr'>tica</span> <span class='ocrx_word' id='word_1_330' title='bbox 198 2787 317 2812; x_wconf 76' lang='lat' dir='ltr'>autem</span> <span class='ocrx_word' id='word_1_331' title='bbox 337 2774 443 2826; x_wconf 85' lang='lat' dir='ltr'>origo</span> <span class='ocrx_word' id='word_1_332' title='bbox 463 2775 536 2812; x_wconf 82' lang='lat' dir='ltr'>fere</span> <span class='ocrx_word' id='word_1_333' title='bbox 567 2790 728 2814; x_wconf 67' lang='lat' dir='ltr'>commu-</span> 
     </span>
    </p>
   </div>
   <div class='ocr_carea' id='block_1_13' title="bbox 789 1951 1421 2878">
    <p class='ocr_par' dir='ltr' id='par_1_14' title="bbox 789 1951 1415 2826">
     <span class='ocr_line' id='line_1_51' title="bbox 789 1951 1411 1989; baseline 0 -1"><span class='ocrx_word' id='word_1_334' title='bbox 789 1951 907 1988; x_wconf 85' lang='lat' dir='ltr'>naidis</span> <span class='ocrx_word' id='word_1_335' title='bbox 938 1952 1034 1988; x_wconf 87' lang='lat' dir='ltr'>ostiis</span> <span class='ocrx_word' id='word_1_336' title='bbox 1051 1953 1097 1989; x_wconf 82' lang='lat' dir='ltr'>ad</span> <span class='ocrx_word' id='word_1_337' title='bbox 1129 1951 1233 1988; x_wconf 85' lang='lat' dir='ltr'>Ponti</span> <span class='ocrx_word' id='word_1_338' title='bbox 1262 1951 1346 1988; x_wconf 86' lang='lat' dir='ltr'>fines</span> <span class='ocrx_word' id='word_1_339' title='bbox 1375 1962 1411 1988; x_wconf 88' lang='lat' dir='ltr'>et</span> 
     </span>
     <span class='ocr_line' id='line_1_52' title="bbox 793 2002 1412 2041; baseline 0.002 -3"><span class='ocrx_word' id='word_1_340' title='bbox 793 2003 1104 2040; x_wconf 87' lang='lat' dir='ltr'>Thermodontem</span> <span class='ocrx_word' id='word_1_341' title='bbox 1121 2003 1157 2039; x_wconf 84' lang='lat' dir='ltr'>fl.</span> <span class='ocrx_word' id='word_1_342' title='bbox 1171 2015 1226 2039; x_wconf 77' lang='lat' dir='ltr'>eas</span> <span class='ocrx_word' id='word_1_343' title='bbox 1214 2002 1412 2041; x_wconf 78' lang='lat' dir='ltr'>traduxit.</span> 
     </span>
     <span class='ocr_line' id='line_1_53' title="bbox 791 2054 1412 2104; baseline -0.002 -13"><span class='ocrx_word' id='word_1_344' title='bbox 791 2055 869 2092; x_wconf 88' lang='lat' dir='ltr'>vid.</span> <span class='ocrx_word' id='word_1_345' title='bbox 904 2055 976 2092; x_wconf 91' lang='lat' dir='ltr'>loc.</span> <span class='ocrx_word' id='word_1_346' title='bbox 1007 2056 1102 2092; x_wconf 82' lang='lat' dir='ltr'>claff.</span> <span class='ocrx_word' id='word_1_347' title='bbox 1131 2054 1259 2101; x_wconf 69' lang='lat' dir='ltr'>lustin.</span> <span class='ocrx_word' id='word_1_348' title='bbox 1293 2055 1345 2099; x_wconf 85' lang='grc' dir='ltr'>Π,</span> <span class='ocrx_word' id='word_1_349' title='bbox 1373 2069 1412 2104; x_wconf 86' lang='lat'>4.</span> 
     </span>
     <span class='ocr_line' id='line_1_54' title="bbox 792 2105 1411 2157; baseline 0.005 -14"><span class='ocrx_word' id='word_1_350' title='bbox 792 2106 892 2144; x_wconf 86' lang='lat' dir='ltr'>conf.</span> <span class='ocrx_word' id='word_1_351' title='bbox 915 2107 1090 2156; x_wconf 89' lang='lat' dir='ltr'>Apollon.</span> <span class='ocrx_word' id='word_1_352' title='bbox 1118 2105 1170 2149; x_wconf 89' lang='lat' dir='ltr'>II,</span> <span class='ocrx_word' id='word_1_353' title='bbox 1207 2109 1411 2157; x_wconf 70' lang='lat'><strong>370—066</strong></span> 
     </span>
     <span class='ocr_line' id='line_1_55' title="bbox 793 2158 1412 2210; baseline 0.002 -16"><span class='ocrx_word' id='word_1_354' title='bbox 793 2158 868 2208; x_wconf 88' lang='lat' dir='ltr'>sqq.</span> <span class='ocrx_word' id='word_1_355' title='bbox 887 2167 923 2194; x_wconf 88' lang='lat' dir='ltr'>et</span> <span class='ocrx_word' id='word_1_356' title='bbox 936 2158 1047 2196; x_wconf 83' lang='lat' dir='ltr'>schol.</span> <span class='ocrx_word' id='word_1_357' title='bbox 1101 2158 1188 2210; x_wconf 76' lang='lat'>659.</span> <span class='ocrx_word' id='word_1_358' title='bbox 1217 2161 1412 2205; x_wconf 69' lang='lat' dir='ltr'>cumflmm-</span> 
     </span>
     <span class='ocr_line' id='line_1_56' title="bbox 793 2209 1410 2260; baseline 0.002 -15"><span class='ocrx_word' id='word_1_359' title='bbox 793 2225 840 2247; x_wconf 84' lang='lat' dir='ltr'>na</span> <span class='ocrx_word' id='word_1_360' title='bbox 874 2209 1119 2246; x_wconf 65' lang='lat' dir='ltr'>‘Thermodontis</span> <span class='ocrx_word' id='word_1_361' title='bbox 1153 2213 1307 2259; x_wconf 62' lang='lat' dir='ltr'>passim:</span> <span class='ocrx_word' id='word_1_362' title='bbox 1345 2223 1410 2260; x_wconf 86' lang='lat' dir='ltr'>pro</span> 
     </span>
     <span class='ocr_line' id='line_1_57' title="bbox 795 2260 1413 2311; baseline 0.002 -13"><span class='ocrx_word' id='word_1_363' title='bbox 795 2260 880 2311; x_wconf 86' lang='lat' dir='ltr'>ripis</span> <span class='ocrx_word' id='word_1_364' title='bbox 909 2260 1042 2298; x_wconf 79' lang='lat' dir='ltr'>flumen</span> <span class='ocrx_word' id='word_1_365' title='bbox 1070 2262 1207 2298; x_wconf 46' lang='lat' dir='ltr'>dicium</span> <span class='ocrx_word' id='word_1_366' title='bbox 1244 2261 1413 2310; x_wconf 85' lang='lat' dir='ltr'>opinatur</span> 
     </span>
     <span class='ocr_line' id='line_1_58' title="bbox 791 2311 1410 2362; baseline 0.005 -15"><span class='ocrx_word' id='word_1_367' title='bbox 791 2312 912 2349; x_wconf 87' lang='lat' dir='ltr'>Cerda</span> <span class='ocrx_word' id='word_1_368' title='bbox 937 2322 973 2349; x_wconf 90' lang='lat' dir='ltr'>et</span> <span class='ocrx_word' id='word_1_369' title='bbox 1000 2312 1080 2355; x_wconf 80' lang='lat' dir='ltr'>alii,</span> <span class='ocrx_word' id='word_1_370' title='bbox 1108 2322 1145 2349; x_wconf 89' lang='lat' dir='ltr'>ut</span> <span class='ocrx_word' id='word_1_371' title='bbox 1165 2326 1198 2349; x_wconf 86' lang='lat' dir='ltr'>V.</span> <span class='ocrx_word' id='word_1_372' title='bbox 1218 2326 1250 2349; x_wconf 78' lang='lat' dir='ltr'>c.</span> <span class='ocrx_word' id='word_1_373' title='bbox 1271 2311 1410 2362; x_wconf 77' lang='lat' dir='ltr'>Georg-</span> 
     </span>
     <span class='ocr_line' id='line_1_59' title="bbox 792 2362 1412 2414; baseline 0.003 -15"><span class='ocrx_word' id='word_1_374' title='bbox 792 2362 844 2407; x_wconf 84' lang='grc' dir='ltr'>ΙΙ,</span> <span class='ocrx_word' id='word_1_375' title='bbox 880 2378 936 2401; x_wconf 89' lang='lat'>11.</span> <span class='ocrx_word' id='word_1_376' title='bbox 970 2378 1011 2402; x_wconf 87' lang='lat'>12</span> <span class='ocrx_word' id='word_1_377' title='bbox 1033 2365 1110 2401; x_wconf 80' lang='lat' dir='ltr'>aliae</span> <span class='ocrx_word' id='word_1_378' title='bbox 1129 2365 1269 2400; x_wconf 83' lang='lat' dir='ltr'>arbores</span> <span class='ocrx_word' id='word_1_379' title='bbox 1286 2375 1412 2414; x_wconf 77' lang='lat' dir='ltr'>campos</span> 
     </span>
     <span class='ocr_line' id='line_1_60' title="bbox 790 2416 1410 2464; baseline 0 -12"><span class='ocrx_word' id='word_1_380' title='bbox 790 2427 822 2452; x_wconf 85' lang='lat' dir='ltr'>et</span> <span class='ocrx_word' id='word_1_381' title='bbox 840 2418 991 2464; x_wconf 77' lang='lat' dir='ltr'>flumina</span> <span class='ocrx_word' id='word_1_382' title='bbox 1026 2416 1093 2453; x_wconf 74' lang='lat' dir='ltr'>late</span> <span class='ocrx_word' id='word_1_383' title='bbox 1126 2417 1254 2451; x_wconf 67' lang='lat' dir='ltr'>Curva</span> <span class='ocrx_word' id='word_1_384' title='bbox 1289 2426 1410 2453; x_wconf 74' lang='lat' dir='ltr'>temnt.</span> 
     </span>
     <span class='ocr_line' id='line_1_61' title="bbox 792 2466 1413 2516; baseline 0 -13"><span class='ocrx_word' id='word_1_385' title='bbox 792 2466 892 2503; x_wconf 87' lang='lat' dir='ltr'>Mihi</span> <span class='ocrx_word' id='word_1_386' title='bbox 926 2477 1043 2505; x_wconf 75' lang='lat' dir='ltr'>tamen</span> <span class='ocrx_word' id='word_1_387' title='bbox 1070 2481 1150 2504; x_wconf 85' lang='lat' dir='ltr'>cum</span> <span class='ocrx_word' id='word_1_388' title='bbox 1171 2466 1242 2514; x_wconf 63' lang='lat' dir='ltr'>ipsa</span> <span class='ocrx_word' id='word_1_389' title='bbox 1262 2479 1314 2502; x_wconf 80' lang='lat' dir='ltr'>res</span> <span class='ocrx_word' id='word_1_390' title='bbox 1331 2480 1413 2516; x_wconf 75' lang='lat' dir='ltr'>per-</span> 
     </span>
     <span class='ocr_line' id='line_1_62' title="bbox 792 2518 1413 2570; baseline 0.002 -16"><span class='ocrx_word' id='word_1_391' title='bbox 792 2518 931 2561; x_wconf 76' lang='lat' dir='ltr'>suadet,</span> <span class='ocrx_word' id='word_1_392' title='bbox 959 2519 1018 2570; x_wconf 81' lang='lat' dir='ltr'>agi</span> <span class='ocrx_word' id='word_1_393' title='bbox 1047 2518 1092 2556; x_wconf 90' lang='lat' dir='ltr'>de</span> <span class='ocrx_word' id='word_1_394' title='bbox 1123 2518 1270 2553; x_wconf 81' lang='lat' dir='ltr'>flumine</span> <span class='ocrx_word' id='word_1_395' title='bbox 1298 2518 1413 2567; x_wconf 73' lang='lat' dir='ltr'>glacie</span> 
     </span>
     <span class='ocr_line' id='line_1_63' title="bbox 793 2569 1412 2613; baseline -0.002 -6"><span class='ocrx_word' id='word_1_396' title='bbox 793 2570 963 2613; x_wconf 66' lang='lat' dir='ltr'>obducto,</span> <span class='ocrx_word' id='word_1_397' title='bbox 981 2582 1057 2607; x_wconf 90' lang='lat' dir='ltr'>tum</span> <span class='ocrx_word' id='word_1_398' title='bbox 1076 2581 1159 2605; x_wconf 87' lang='lat' dir='ltr'>vero</span> <span class='ocrx_word' id='word_1_399' title='bbox 1177 2569 1285 2605; x_wconf 72' lang='lat' dir='ltr'>etiam</span> <span class='ocrx_word' id='word_1_400' title='bbox 1301 2570 1412 2606; x_wconf 71' lang='lat' dir='ltr'>Clau-</span> 
     </span>
     <span class='ocr_line' id='line_1_64' title="bbox 792 2620 1413 2670; baseline 0.002 -13"><span class='ocrx_word' id='word_1_401' title='bbox 792 2622 893 2658; x_wconf 79' lang='lat' dir='ltr'>diani</span> <span class='ocrx_word' id='word_1_402' title='bbox 922 2621 1095 2661; x_wconf 78' lang='lat' dir='ltr'>imitatio.</span> <span class='ocrx_word' id='word_1_403' title='bbox 1115 2620 1175 2670; x_wconf 85' lang='lat' dir='ltr'>qui</span> <span class='ocrx_word' id='word_1_404' title='bbox 1210 2634 1280 2656; x_wconf 74' lang='lat' dir='ltr'>non</span> <span class='ocrx_word' id='word_1_405' title='bbox 1310 2621 1413 2658; x_wconf 56' lang='lat' dir='ltr'>albet</span> 
     </span>
     <span class='ocr_line' id='line_1_65' title="bbox 793 2671 1411 2710; baseline 0.002 -2"><span class='ocrx_word' id='word_1_406' title='bbox 793 2672 1004 2710; x_wconf 75' lang='lat' dir='ltr'>intellexisse</span> <span class='ocrx_word' id='word_1_407' title='bbox 1019 2673 1181 2709; x_wconf 78' lang='lat' dir='ltr'>videtur:</span> <span class='ocrx_word' id='word_1_408' title='bbox 1211 2671 1291 2707; x_wconf 81' lang='lat' dir='ltr'>adse</span> <span class='ocrx_word' id='word_1_409' title='bbox 1299 2671 1411 2709; x_wconf 65' lang='lat' dir='ltr'>ribam</span> 
     </span>
     <span class='ocr_line' id='line_1_66' title="bbox 794 2724 1413 2773; baseline 0 -14"><span class='ocrx_word' id='word_1_410' title='bbox 794 2734 908 2761; x_wconf 88' lang='lat' dir='ltr'>totum</span> <span class='ocrx_word' id='word_1_411' title='bbox 941 2725 1061 2762; x_wconf 87' lang='lat' dir='ltr'>locum</span> <span class='ocrx_word' id='word_1_412' title='bbox 1098 2724 1200 2761; x_wconf 80' lang='lat' dir='ltr'>Pros.</span> <span class='ocrx_word' id='word_1_413' title='bbox 1238 2733 1324 2773; x_wconf 69' lang='lat' dir='ltr'>rapt.</span> <span class='ocrx_word' id='word_1_414' title='bbox 1361 2724 1413 2768; x_wconf 79' lang='lat' dir='ltr'>ll,</span> 
     </span>
     <span class='ocr_line' id='line_1_67' title="bbox 796 2776 1415 2826; baseline -0.005 -11"><span class='ocrx_word' id='word_1_415' title='bbox 796 2777 839 2815; x_wconf 83' lang='lat'>61</span> <span class='ocrx_word' id='word_1_416' title='bbox 857 2776 969 2814; x_wconf 83' lang='lat'><strong>——66</strong></span> <span class='ocrx_word' id='word_1_417' title='bbox 1010 2776 1133 2826; x_wconf 62' lang='lat' dir='ltr'>Qualis</span> <span class='ocrx_word' id='word_1_418' title='bbox 1172 2776 1415 2813; x_wconf 45' lang='lat' dir='ltr'>Avi-ammissum</span> 
     </span>
    </p>

    <p class='ocr_par' dir='ltr' id='par_1_15' title="bbox 1322 2828 1421 2878">
     <span class='ocr_line' id='line_1_68' title="bbox 1322 2828 1421 2878; baseline 0.01 -13"><span class='ocrx_word' id='word_1_419' title='bbox 1322 2828 1421 2878; x_wconf 65' lang='lat' dir='ltr'>pellit</span> 
     </span>
    </p>
   </div>
  </div>
 </body>
</html>
