1847 3313
377 315 490 362 AD
548 312 1066 362 L1BRUMV11.
1291 327 1380 374 131

52 439 133 490 fila
151 455 274 483 manet.
330 444 483 482 Faciem
503 444 673 482 littoralis
694 445 817 494 plagae
846 454 884 481 et
913 443 1087 481 Tiberini
1116 443 1193 481 ostii
1213 439 1385 482 describit

67 504 180 553 poeta
199 504 396 542 admodum
428 504 610 541 diversam
631 505 677 541 ab
696 517 754 546 ea,
783 517 862 554 quae
894 504 1014 540 nostro
1043 516 1121 540 aevo
1147 502 1384 554 conspicitur·

68 563 181 601 Nunc
201 577 312 601 arena
331 564 446 601 multa
474 564 632 606 obtinet,
662 574 723 601 aut
745 576 836 614 ager
861 563 1030 613 apricus;
1059 572 1096 599 at
1111 563 1244 600 AEneas
1263 567 1384 611 ingen-

67 632 131 659 tem
149 638 190 660 ex
204 639 337 674 aequore
354 623 462 661 lucam
479 625 645 673 Prolspz'cit
660 639 670 667 ;
709 625 793 661 hunc
823 627 912 660 inter
919 626 1039 672 fluvio
1058 621 1238 660 ‘Tiberinus
1254 634 1385 660 amoeno

21 713 24 717 .
67 683 258 721 Vorlicibus
288 687 421 734 rapidis
449 695 481 720 et
505 684 613 721 multa
637 686 767 734 flavus
795 699 903 720 arena
935 684 978 719 In
996 698 1090 720 mare
1102 688 1292 733 prorumpit
1310 692 1384 719 etc.

68 743 161 792 Qae
180 753 304 780 tamen
335 756 486 780 nemora
504 757 576 781 non
606 744 668 782 soli
688 746 808 794 poetae
837 742 989 794 ingenio
1010 742 1134 780 deberi
1156 742 1383 780 credendum

65 803 128 838 est.
184 802 286 840 Nam
300 802 460 852 primum
478 802 700 840 incultarum
720 813 914 846 terrarum,
942 812 1141 852 antequam
1157 803 1384 841 habitatores

64 863 178 898 113&ae
198 862 279 905 fint‚
307 862 522 911 plerumque
542 863 571 899 is
592 863 737 900 habitus
751 864 813 906 est,
843 873 881 900 ut
901 862 1034 900 filvosae
1050 872 1086 900 et
1098 863 1280 913 paludosae
1300 865 1383 908 fint3

61 928 140 957 tum
155 920 225 957 alia
245 922 370 971 paffim
388 932 551 958 veterum
573 927 765 971 poetarum
786 923 882 965 loca,
913 923 974 960 ubi
993 921 1040 958 de
1058 923 1189 960 Romae
1215 923 1375 973 origini-

67 980 134 1018 bus
156 981 318 1023 tradunt,
347 990 541 1030 utramque
561 982 711 1019 Tiberis
731 981 851 1032 ripam
879 983 1070 1021 arboribus
1100 983 1246 1020 densam
1274 981 1383 1019 exhi-

62 1041 166 1079 bent.
222 1041 394 1077 Tandem
411 1042 564 1079 meliore
580 1043 691 1080 etiam
707 1043 823 1080 Italiae
842 1044 942 1080 cultu
957 1044 1212 1081 Romanorum
1233 1054 1382 1093 tempo-

63 1114 103 1138 re
118 1100 220 1137 littus
240 1101 311 1137 hoc
332 1100 495 1138 Ostiense
526 1101 616 1139 lucis
638 1102 831 1140 abundasse
858 1104 1044 1141 Lancifius
1074 1104 1200 1141 docuit
1231 1103 1268 1140 in
1287 1103 1382 1144 Diffi

63 1160 110 1198 de
129 1160 230 1199 Villa
252 1160 417 1197 Pliniana
435 1161 472 1197 in
489 1163 591 1212 Opp.
614 1163 723 1205 RH,
752 1177 839 1213 pag.
867 1176 953 1214 12¹2,
983 1165 1042 1201 ubi
1077 1165 1113 1202 in
1150 1164 1382 1216 aggestiones

62 1220 196 1259 littoris
217 1222 388 1258 Ostiensis
409 1221 536 1265 sanas,
564 1222 637 1259 solo
657 1223 693 1260 in
712 1237 812 1261 mare
832 1223 878 1260 ad
899 1224 957 1260 ΙΙΙ
980 1225 1153 1263 milliaria
1183 1225 1380 1277 produCto,

63 1283 141 1333 post
160 1281 249 1319 alios
268 1282 367 1318 viros
389 1281 513 1319 doftos
534 1282 700 1333 inquirit.

105 1345 229 1395 Igitur
246 1357 268 1381 a
284 1345 377 1380 laeva
396 1343 455 1380 seu
474 1343 643 1381 orientali
664 1343 815 1382 Tiberis
835 1344 959 1382 littore
980 1346 1070 1389 late,
1099 1359 1144 1383 ex
1164 1348 1287 1397 poe'tae
1302 1360 1378 1386 non

56 1406 168 1443 modo
182 1414 321 1447 mente,
348 1404 407 1442 sed
424 1415 461 1441 et
480 1418 525 1442 ex
544 1418 632 1442 vera
652 1407 818 1443 locorum
835 1406 973 1450 indole,
1002 1407 1123 1458 patuit
1143 1409 1246 1452 filva,
1277 1420 1314 1446 et
1330 1423 1375 1448 ea

60 1467 211 1518 quidem
233 1467 353 1503 adhuc
373 1466 559 1503 commodi
587 1477 754 1517 tempore
778 1467 886 1505 lauris
906 1468 1092 1519 frequens,
1121 1480 1158 1507 ut
1183 1483 1230 1507 ex
1257 1471 1380 1509 Hero·

65 1527 176 1564 diano
190 1525 412 1577 intelligitur
424 1525 490 1562 lib.
510 1527 545 1568 Ι,
563 1526 626 1576 36.
681 1528 719 1563 T
723 1527 880 1564 enebant
896 1528 970 1565 haee
989 1529 1070 1566 loca
1084 1529 1284 1580 Aborigines
1303 1546 1379 1582 rege

67 1588 206 1630 Latino,
234 1586 301 1636 ipsi
316 1588 503 1622 Laurentes
519 1585 605 1622 die-ti
626 1600 634 1622 ε
664 1586 728 1623 lib.
749 1587 824 1629 VI,
855 1589 926 1637 892
955 1589 1140 1626 Laut-emes
1158 1590 1293 1639 populos
1318 1607 1380 1628 ur-

65 1648 198 1698 bemque
231 1649 367 1684 Latini.
422 1645 528 1683 Idem
556 1660 690 1684 nomen
713 1647 827 1690 urbis,
855 1649 1041 1685 Laurentes
1072 1650 1128 1686 vel
1155 1651 1380 1694 Laurentum,

65 1709 112 1745 ab
131 1708 297 1750 inventa,
331 1707 418 1743 dum
432 1706 673 1750 condebatur,
701 1709 804 1745 lauro
822 1723 832 1751 ;
861 1718 899 1746 ut
912 1710 1007 1752 VH,
1022 1711 1171 1760 59—62
1193 1721 1378 1750 narratur:

64 1769 103 1807 id
122 1769 220 1820 quod
236 1770 354 1819 po'etae
369 1767 648 1818 relinquendum
668 1785 679 1813 3
704 1780 902 1820 potuerunt
923 1771 1020 1808 enim
1037 1772 1146 1809 etiam
1162 1773 1242 1809 alia:
1257 1774 1377 1810 nomi-

62 1830 117 1867 nis
132 1831 199 1868 effe
213 1830 364 1867 caussae:
393 1828 490 1866 forte
507 1829 583 1880 ipse
608 1831 793 1868 laurorum
812 1845 880 1882 per
896 1833 973 1869 haee
992 1833 1074 1869 loca
1095 1833 1196 1870 laetus
1215 1848 1379 1884 proven-

63 1902 133 1930 tus.
191 1893 295 1942 Ager
312 1900 432 1927 autem
454 1890 566 1940 usque
587 1891 630 1928 ad
648 1905 748 1929 mare
761 1906 803 1930 ac
816 1892 987 1930 Tiberim
1007 1904 1134 1942 patens
1151 1895 1303 1933 Lauren,-
1318 1897 1377 1934 vel

63 1953 290 1989 Laurentinus
315 1949 385 1987 fuit
415 1948 546 1986 dietus.
602 1952 753 1989 Nomen
790 1962 915 1989 tamen
942 1953 1128 1991 interdum
1161 1956 1289 1998 Maro,
1336 1967 1379 1994 ut

61 2014 187 2062 poeta,
213 2010 319 2048 latius
333 2009 377 2046 ad
391 2020 508 2047 totum
529 2010 679 2048 Latium
700 2012 887 2049 traduxit:
921 2026 959 2050 ut
986 2028 1067 2051 curn
1085 2015 1149 2052 lib.
1171 2016 1267 2057 Vll,
1297 2016 1375 2067 650

62 2071 211 2108 Turnum
230 2070 429 2107 Laurentem
450 2071 628 2120 appellat,
657 2082 694 2108 et
707 2073 908 2109 Laurentem
923 2074 1100 2111 Maricam
1112 2075 1178 2112 lib.
1196 2076 1292 2118 VII,
1308 2089 1376 2126 47.

62 2132 122 2168 Ex
143 2144 214 2182 quo
230 2129 378 2180 quidem
403 2130 487 2167 loco
514 2130 610 2167 male
630 2131 795 2168 nonnulli
827 2132 1029 2169 Laurentes
1059 2134 1167 2184 usque
1187 2135 1235 2171 ad
1255 2134 1376 2173 Lirim

60 2191 234 2227 habitaffe
266 2189 509 2239 collegerunt.
575 2190 659 2227 Nec
693 2190 782 2227 illud
824 2192 973 2228 turbare
1006 2207 1216 2244 quenquam
1248 2195 1377 2238 debet,

63 2251 162 2302 quod
196 2259 234 2286 et
265 2247 391 2286 Latini
423 2247 552 2285 urbem
589 2250 790 2287 Laurentmn
816 2267 924 2289 arcem
942 2254 1067 2302 poeta,
1095 2255 1215 2297 VIII,
1249 2267 1283 2297 1,
1311 2267 1375 2294 aut

62 2310 248 2347 Laurentes
281 2324 388 2345 muros
421 2306 487 2344 lib.
519 2309 569 2350 X,
598 2309 689 2358 671,
718 2322 754 2347 et
773 2310 872 2349 idem
894 2313 1086 2351 Laurentia
1103 2320 1215 2365 cestra
1234 2316 1299 2353 lib.
1324 2318 1374 2361 X,

61 2368 156 2420 635,
201 2381 338 2406 novam
370 2367 527 2415 Trojam
565 2369 738 2418 appellat.
794 2372 838 2408 Jn
869 2373 1117 2423 epithetorum
1151 2379 1376 2415 ornamentis

63 2431 160 2467 nulla
180 2427 356 2466 subtilitas
373 2440 397 2464 a
417 2427 536 2478 poetis
552 2440 588 2465 et
608 2430 741 2479 religio
760 2435 986 2481 expectatur.

114 2490 249 2526 AEneas
266 2502 284 2525 e
300 2489 397 2532 loco,
425 2489 470 2525 ad
483 2502 594 2538 quem
609 2491 757 2539 appulsa
775 2493 879 2529 claffe
895 2494 1017 2543 copias
1038 2494 1228 2541 eduxerat,
1257 2499 1375 2538 altero

62 2549 124 2587 die
140 2547 262 2591 miffis,
291 2549 355 2599 qui
373 2548 509 2586 vicinas
537 2550 785 2598 explorarent,
812 2563 974 2591 oratores
994 2556 1221 2595 Laurentum
1249 2559 1294 2596 ad
1315 2574 1374 2596 re-

63 2622 150 2659 gem
168 2608 345 2646 Latinum
363 2609 478 2660 legat.
535 2610 683 2646 interea
703 2613 816 2649 castra
835 2614 951 2650 munit
974 2615 1067 2658 Vll,
1088 2630 1172 2668 157·
1196 2632 1280 2670 159,
1309 2620 1375 2670 qui

59 2668 158 2705 locus
172 2667 257 2705 inde
277 2667 396 2720 'Trqjae
411 2682 543 2706 nomen
562 2670 737 2708 obtinuit.
793 2673 849 2710 Eo
869 2674 1018 2712 allusum
1038 2676 1102 2716 lib.
1124 2677 1179 2720 X,
1202 2679 1250 2715 26
1267 2686 1374 2719 muris

59 2731 180 2765 iterum
198 2731 343 2764 imminet
360 2729 460 2780 hastis
479 2730 656 2777 Ncffcentis
677 2728 807 2780 Trojae.
838 2733 886 2769 cf.
912 2748 946 2770 v.
977 2748 1039 2785 74.
1063 2750 1124 2787 75.
1183 2739 1225 2775 In
1244 2741 1374 2789 Trojae

61 2787 185 2836 hujus,
214 2788 404 2832 Laurenti,
433 2789 583 2826 Lavinii
603 2800 640 2826 et
670 2792 831 2829 Lanuvii
865 2794 1074 2833 nominibus
1100 2798 1208 2834 valde
1224 2801 1374 2840 turbant

60 2858 126 2888 aut
145 2857 328 2900 nugantur
344 2849 593 2889 Grammatici
612 2860 649 2887 ct
676 2850 825 2891 seriores
853 2853 1028 2901 historici,
1058 2866 1096 2896 ut
1125 2858 1272 2897 Servius
1293 2862 1372 2911 pas-

674 2912 691 2950 Ι
712 2924 731 2950 2
1293 2921 1371 2960 fim-

349 2978 374 3003 s
