1847 3313
405 255 465 302 26
605 250 660 299 P.
708 247 1089 297 VIRGILII
1146 247 1534 297 MARONIS

405 383 539 432 Hinc
566 382 699 430 Italae
723 395 901 445 genteS‚
929 381 1175 444 omnisque
1198 380 1424 428 OEnotria
1447 382 1598 438 telluS‚
1654 383 1678 428 8
1684 390 1711 445 ς

407 473 463 520 In
486 473 644 521 dubiis
670 472 882 536 responsa
905 484 1089 536 petunt.
1162 472 1276 518 Huc
1301 471 1424 518 dona
1446 470 1659 518 sacerdos

407 565 574 628 Qum
599 565 723 621 tulit,
747 577 792 611 et
815 565 1038 612 caesarum
1062 566 1226 613 ovium
1245 565 1328 612 sub
1352 566 1488 612 nocie
1511 563 1663 612 filenti

408 654 615 702 Pellibus
630 654 846 700 incubuit
870 654 1035 712 stratis,
1058 654 1335 716 somnosque
1354 653 1553 717 petivit:

408 746 570 794 Multa
593 746 745 793 modis
767 746 1009 792 simulacra
1032 745 1160 791 videt
1182 745 1426 792 volitantia
1448 744 1599 802 miris,

409 837 475 886 Et
499 837 648 883 varias
673 836 803 883 audit
828 851 984 891 voces,
1009 834 1271 896 fruiturque
1293 833 1492 880 deorum
1655 847 1719 896 90

413 930 695 992 ConloquiO,
720 941 857 992 atque
881 928 988 975 imis
1011 927 1279 974 Acheronta
1294 925 1477 973 adfatur
1500 924 1719 972 Avernis.

456 1060 509 1100 85.
538 1064 594 1093 Hic
616 1063 724 1093 Franc.
771 1073 825 1104 quc
841 1058 924 1089 abest
940 1057 1022 1088 binis
1039 1055 1290 1089 Burm.--86.
1315 1070 1342 1089 ν.
1354 1058 1460 1101 ferunt
1477 1055 1575 1087 Goth.
1600 1065 1661 1097 pr„
1682 1059 1720 1085 ut

410 1111 486 1143 alins
503 1111 812 1150 dicisolct.—-—87.
837 1110 959 1141 Contulit
985 1108 1077 1139 multi
1106 1107 1211 1150 scripti
1240 1116 1271 1138 et
1297 1109 1370 1139 edd.
1417 1108 1535 1139 Caeteri
1559 1119 1619 1138 cum
1643 1106 1722 1142 tulit,

409 1164 497 1205 quod
509 1164 576 1205 jam
594 1164 783 1196 Benedisstus
799 1160 994 1198 emendavit,
1015 1167 1045 1190 et
1071 1168 1144 1191 ante
1168 1170 1240 1191 eum
1267 1159 1456 1200 Naugerius.
1495 1158 1582 1190 Voff.
1607 1157 1719 1192 attulit.

411 1217 523 1249 Hcins.
542 1216 625 1257 conj.
644 1226 675 1248 ut
699 1216 778 1246 tulit.
823 1223 850 1244 et
857 1212 993 1256 scelerum
1011 1211 1109 1244 Goth.
1128 1222 1176 1253 pr.
1270 1209 1322 1242 88.
1346 1211 1499 1242 Pellicibus
1515 1210 1617 1240 Dorv.
1655 1210 1721 1242 Has

409 1267 557 1301 librarius
572 1266 654 1298 forte
671 1266 828 1304 malebat;
845 1275 908 1296 non
925 1275 1008 1295 nunc
1020 1261 1307 1305 Lati11u5.--89.
1314 1262 1453 1307 pallentia
1468 1274 1506 1295 m.
1524 1260 1582 1293 scc-
1596 1260 1724 1295 Moret-

409 1321 583 1366 rcpctitum
599 1330 638 1352 ex
657 1322 717 1353 Ge.
738 1320 763 1358 Ι,
784 1326 860 1359 477.
879 1317 944 1349 vid.
956 1317 1068 1350 Burm.

412 1429 452 1474 6,
487 1439 528 1466 ut
565 1428 715 1469 Suidam
750 1437 915 1473 taceam3
966 1440 1032 1465 nee

411 1482 562 1525 constat,
617 1491 737 1518 utrum
780 1479 906 1516 eadem
949 1492 1033 1516 cum

413 1533 592 1583 Nympha
617 1531 740 1569 habita
754 1530 879 1574 fuerit,
915 1542 960 1566 an
976 1530 1035 1566 di-

412 1583 526 1622 versa,
578 1582 805 1621 Manifestior
821 1582 869 1620 est
891 1581 1035 1618 inscitia

413 1648 554 1680 eorum,
573 1637 652 1685 qui,
668 1647 780 1685 pravo
799 1632 930 1672 Graeca
950 1646 1034 1670 cum

414 1686 551 1724 Italicis
578 1687 682 1724 rebus
711 1684 885 1723 miscendi
917 1684 1035 1722 studio

415 1739 479 1786 (de
491 1753 564 1789 quo
582 1753 618 1777 v.
636 1739 675 1776 in
687 1737 839 1774 Excurs.
858 1736 948 1784 IV),
969 1736 1035 1771 Al-

414 1790 570 1828 buneam
598 1789 790 1828 Leucotheae
823 1801 953 1825 numen
985 1799 1037 1823 re-

413 1842 510 1879 ferre
542 1842 744 1879 voluerunt.
810 1839 928 1889 Atqui
974 1838 1036 1876 illa

416 1893 566 1931 Matuta
608 1894 669 1930 est.
745 1892 819 1929 Etsi
865 1891 1039 1928 halotum

414 1948 565 1984 Matuta
607 1958 691 1982 cum
734 1943 946 1986 Portumno,
1007 1952 1043 1979 et

417 1997 634 2035 Graecorum
668 1996 736 2033 Ino
770 2005 804 2032 et
838 1994 1045 2032 Leucothea

418 2064 503 2087 cum
533 2049 733 2086 Palaemone
759 2047 817 2084 seu
836 2045 1044 2088 Melicerta,

418 2099 731 2151 interpretationes
761 2108 900 2136 tantum
934 2096 1041 2134 Phoe-

419 2154 529 2190 niciae
564 2149 750 2202 religionis
780 2149 875 2192 sunt,
912 2158 952 2187 ut
985 2148 1041 2186 vel

420 2203 620 2242 Melicertae
651 2214 779 2240 nomen
795 2201 929 2252 arguit.
983 2199 1042 2236 De

420 2255 580 2305 vestigiis
599 2253 724 2304 templi
743 2253 862 2302 hujus,
877 2265 957 2301 quae
975 2250 1040 2288 fibi

420 2307 584 2358 reperisse
618 2306 683 2343 vifi
715 2304 795 2341 sunt
825 2304 897 2341 viri
926 2302 1041 2346 doffi,

422 2359 501 2396 vid.
531 2358 622 2395 Exc.
651 2357 748 2395 adh.
768 2357 811 2401 l„

419 2411 470 2449 cst
488 2411 534 2446 ad
551 2411 586 2447 h.
608 2407 673 2451 lib,

475 2465 639 2512 85—91.
685 2458 884 2502 Oraculum
929 2456 1045 2495 Fauni

423 2527 486 2565 per
503 2511 772 2551 incubationem
789 2511 864 2560 peti
880 2510 1043 2552 solitum,

424 2576 464 2602 ut
492 2574 547 2602 tot
577 2564 646 2602 alia
674 2563 714 2600 in
738 2573 856 2601 vetere
885 2561 1046 2599 Graeeia.

425 2617 544 2657 Potest
569 2616 714 2667 quidem
742 2618 849 2665 poeta
867 2612 982 2652 videri
998 2612 1044 2655 ad

426 2669 648 2720 Amphiarai
685 2666 778 2716 (vid.
817 2666 966 2703 Pausan.
1011 2663 1045 2707 Ι,

429 2725 492 2772 34)
512 2721 727 2772 potissimum
755 2717 956 2768 exemplum
975 2717 1046 2753 hoc

429 2772 545 2810 Fauni
587 2771 773 2810 oraculum
818 2769 1046 2806 affimulaffe:

428 2824 539 2877 idque
552 2837 616 2865 nos
628 2822 801 2862 dofflinae
810 2820 918 2875 copia
931 2820 969 2860 in
982 2820 1050 2859 hoc

843 2355 907 2407 qui
924 2353 1042 2392 sextus

1099 1430 1209 1477 poeta
1225 1425 1368 1464 credere
1397 1424 1514 1462 facit:
1551 1437 1634 1462 nam
1651 1421 1723 1460 Ti-'

1099 1479 1240 1522 burtus,
1267 1490 1351 1514 cum
1382 1477 1519 1513 Catillo
1553 1485 1588 1512 et
1624 1475 1725 1514 Cora

1100 1529 1194 1566 infra
1215 1542 1247 1567 v.
1281 1528 1484 1579 670—672
1503 1539 1725 1564 commemo-

1102 1591 1212 1623 ratus,
1233 1579 1383 1616 Tiburis
1395 1578 1565 1616 conditor
1579 1589 1614 1615 et
1630 1579 1726 1614 Arn-

1099 1631 1239 1682 phiarai
1285 1630 1376 1669 filius
1412 1631 1556 1667 habitus
1603 1630 1650 1667 est
1684 1642 1722 1666 v,

1101 1683 1193 1721 Piin.
1233 1682 1345 1726 XVI,
1382 1682 1447 1731 4'4,
1479 1682 1508 1718 s.
1548 1684 1609 1731 87.
1663 1679 1724 1719 Ita

1101 1735 1221 1772 saltem
1240 1734 1439 1783 conjeffiare
1459 1732 1596 1776 malim,
1615 1745 1726 1781 quam

1100 1799 1183 1822 cum
1203 1785 1338 1828 Cerda,
1368 1786 1466 1824 sacra
1486 1783 1596 1834 patris
1610 1796 1631 1820 a
1651 1784 1724 1820 Ti-

1099 1838 1207 1875 burto
1226 1835 1346 1874 Tibur
1361 1837 1426 1873 effe
1444 1835 1623 1874 transsata.
1665 1834 1726 1872 Est

1104 1888 1200 1926 enim
1230 1898 1306 1926 tota
1323 1888 1385 1925 illa
1412 1887 1457 1923 de
1476 1887 1618 1924 Tibure
1637 1900 1726 1924 con-

1105 1939 1223 1978 ditore
1274 1938 1524 1977 commentitia
1564 1939 1728 1976 narratio

1105 2005 1127 2028 a
1163 1991 1386 2028 Graecanicis
1420 1989 1552 2027 fabulis
1576 1989 1727 2040 repetita

1109 2046 1160 2092 (v.
1201 2043 1239 2081 in
1277 2041 1439 2079 Excursu
1472 2041 1562 2089 IV).
1616 2041 1729 2079 Nihil

1107 2105 1228 2132 tamen
1262 2095 1407 2132 credere
1446 2102 1559 2138 vetat,
1595 2102 1732 2131 veteres

1108 2145 1274 2197 Pelasgos
1298 2145 1392 2182 hunc
1419 2143 1618 2183 incubandi
1650 2158 1730 2181 mo-

1107 2211 1182 2237 rem
1212 2199 1288 2250 jam
1321 2197 1368 2234 ab
1393 2195 1504 2234 initio
1523 2195 1562 2232 in
1582 2196 1732 2233 Latium

1107 2249 1275 2292 int'uliffe,
1320 2248 1385 2298 qui
1430 2258 1485 2285 tot
1525 2246 1613 2285 alias
1646 2247 1731 2285 reli-

1107 2301 1233 2354 giones
1269 2300 1480 2338 intulerunt.
1548 2298 1732 2343 Incubare,

1105 2352 1350 2401 ἐγκοιμᾶσθαι,
1419 2363 1527 2388 voces
1577 2350 1734 2401 proprian

1109 2406 1155 2442 dc
1179 2404 1237 2447 iis,
1281 2404 1344 2455 qui
1375 2403 1560 2440 dormiunt
1594 2402 1641 2438 ad
1669 2415 1729 2439 ac-

1109 2456 1278 2507 cipienda
1301 2453 1478 2504 responsa,
1516 2463 1556 2490 ut
1589 2453 1737 2491 Servius

1110 2510 1155 2546 ad
1183 2507 1221 2544 h.
1240 2507 1267 2546 1.
1286 2515 1402 2547 notat.
1447 2504 1497 2543 cf.
1531 2504 1657 2542 Davis.
1684 2505 1733 2541 ad

1110 2559 1197 2602 Cic.
1231 2559 1277 2596 de
1297 2557 1386 2595 Div.
1409 2556 1444 2602 Ι,
1473 2569 1517 2605 43
1545 2565 1582 2594 et
1613 2556 1735 2594 Cerda

1110 2612 1148 2652 h.
1180 2611 1206 2649 l.
1262 2609 1417 2652 OEnotm'a
1451 2607 1562 2652 tellus,
1604 2606 1734 2645 latiore:

1110 2663 1209 2705 sensu
1236 2661 1272 2701 h.
1301 2662 1328 2698 1.
1360 2658 1599 2701 vid.Excurs.
1617 2657 1736 2697 XXI.

1110 2715 1176 2759 lib.
1194 2714 1226 2752 I.
1279 2715 1378 2756 dona,
1405 2711 1607 2755 victimam,
1626 2709 1736 2747 sacri-

1111 2766 1252 2808 ficium,
1279 2774 1320 2802 ut
1337 2763 1446 2801 toties
1470 2762 1572 2800 alibi.
1626 2761 1737 2800 Ache-

1113 2829 1227 2867 ronta,
1250 2816 1335 2862 deo}
1363 2815 1499 2863 inferos,
1525 2823 1562 2857 et
1592 2813 1735 2905 BNllanes.

1360 2880 1362 2884 ’
1637 2872 1738 2902 Otatu
