1847 3313
343 327 440 397 692
544 329 598 376 P.
645 322 1023 376 V1RG1L11
1080 319 1468 376 MARole

350 460 655 523 Adloquitur,
678 458 809 506 fulva
831 475 1015 523 pugnas
1038 458 1099 504 de
1120 459 1246 505 nube
1266 469 1509 505 tuentem:

349 549 476 614 Qae
491 548 597 614 jam
613 549 721 596 finis
736 548 843 606 erit,
863 547 1072 614 conjunx
1088 547 1107 594 ?
1140 548 1256 612 quid
1273 546 1476 610 denique
1491 541 1664 592 restat?

348 639 622 703 Indigetem
645 638 831 687 AEnean
850 638 938 688 scis
962 637 1078 703 ipsa,
1100 649 1148 685 et
1170 637 1290 685 scire
1314 636 1488 694 fateriS‚

351 729 532 778 Deberi
555 727 702 785 coele,
725 726 922 792 fatisque
945 728 1005 776 ad
1028 727 1176 775 fidera
1195 727 1316 774 tolli.
1569 739 1629 790 79
1637 737 1660 786 5

352 817 487 884 Qid
509 817 644 865 struis
660 817 677 864 ?
712 831 793 865 aut
806 835 899 882 qua
913 817 992 882 spe
1006 818 1178 883 gelidis
1193 817 1244 864 in
1257 816 1463 863 nubibus
1475 815 1624 863 haeres
1643 811 1664 859 ἓ

352 911 604 960 Mortalin’
625 910 788 958 decuit
809 910 979 958 violari
991 909 1182 957 volnere
1203 908 1404 956 divum?

396 1057 474 1090 792-
507 1057 634 1092 pugnam
657 1047 766 1089 Bigot.
823 1046 966 1077 videntem
988 1043 1155 1076 Mediceus
1180 1043 1291 1077 Pierii.
1382 1052 1457 1086 793.
1481 1044 1547 1088 Qu·
1575 1038 1670 1072 Leid.

354 1102 432 1145 Qis
468 1112 518 1143 pr.
560 1099 676 1131 Hamb.
737 1108 800 1130 erat
835 1097 896 1128 sec.
941 1097 1078 1138 Menag.
1171 1095 1244 1137 796.
1286 1095 1392 1138 gaudis
1434 1095 1535 1126 Goth.
1589 1099 1666 1124 tert.

353 1164 414 1195 pro
441 1152 587 1196 gravidis.
634 1153 662 1182 ἱη
693 1151 828 1182 montibus
859 1149 998 1180 Oudart.
1029 1155 1062 1178 et
1094 1146 1224 1178 Zulich.
1262 1158 1280 1177 a
1296 1157 1341 1177 m.
1361 1157 1424 1189 pr.,
1447 1155 1554 1176 merus
1568 1143 1671 1185 lapsus

353 1204 497 1242 librarii3
521 1213 560 1234 ne
577 1202 648 1243 quis
663 1209 767 1242 putet,
785 1210 860 1231 cum
876 1199 1000 1230 ratione
1023 1198 1149 1230 dietum
1167 1208 1184 1228 e
1207 1208 1239 1229 v.
1269 1205 1330 1236 133
1354 1197 1420 1238 sqq.
1467 1197 1553 1227 Nam
1569 1202 1602 1226 et
1623 1193 1669 1224 ibi

353 1256 442 1299 Juno
458 1256 498 1286 ad
515 1253 630 1285 caelutn
642 1252 726 1284 redit
742 1262 774 1284 v.
797 1259 872 1292 159.
966 1258 1041 1291 797.
1066 1248 1172 1280 Debet
1188 1247 1281 1279 scribi
1295 1248 1456 1279 Mortali'n
1470 1257 1530 1289 pro
1544 1245 1671 1277 Mortali

354 1322 414 1347 οη
435 1316 470 1340 ut
482 1308 574 1350 supra
586 1304 759 1337 monitum.
804 1303 934 1335 Mortali
955 1303 1005 1334 ed.
1020 1303 1104 1333 Ven.
1131 1303 1242 1332 Burm.
1259 1311 1333 1332 cum
1350 1300 1450 1331 Goth.
1467 1299 1528 1331 sec.
1546 1306 1579 1330 et
1593 1305 1671 1330 tert.

356 1361 513 1392 Msrmlem
536 1358 655 1400 legitur
671 1357 705 1388 in
722 1366 826 1398 marg.
845 1354 896 1387 ed.
918 1356 1000 1385 Ven.
1018 1353 1103 1385 Scoti
1121 1362 1218 1392 1544,
1234 1363 1299 1384 non
1312 1353 1396 1383 mala
1412 1350 1594 1383 emendatio
1608 1348 1673 1380 viri

355 1412 458 1449 doeti,
481 1411 536 1453 qui
552 1411 586 1441 in
603 1408 760 1440 sententia
775 1406 939 1444 haerebat3
965 1416 1040 1437 narn
1057 1405 1117 1436 hoc
1133 1405 1246 1446 utique
1257 1405 1427 1446 indignum
1442 1413 1451 1434 ε
1475 1402 1607 1433 vulnere
1623 1400 1673 1432 di-

356 1475 448 1502 vum,
472 1463 506 1496 h.
532 1463 694 1498 divorum,
721 1459 894 1491 mortalem
909 1458 988 1500 peti,
1016 1457 1142 1489 violari.
1182 1457 1290 1488 Video
1305 1467 1389 1486 nnnc
1403 1454 1463 1486 ess‘e
1478 1464 1554 1486 eum
1563 1452 1673 1484 virum

356 1516 493 1547 <loetum
519 1514 733 1545 Benedistum
760 1511 793 1542 in
819 1511 871 1543 ed.
898 1509 982 1541 Flor.
1014 1518 1112 1548 1520,
1133 1508 1222 1550 cujus
1245 1507 1344 1539 verba
1368 1507 1567 1538 adscribam:
1598 1505 1673 1534 “In
1715 1521 1721 1523 -

357 1567 489 1599 vetustis
503 1574 535 1597 et
551 1566 615 1597 fide
633 1564 743 1606 dignis
763 1562 857 1594 codd.
876 1561 998 1603 legitur
1017 1560 1176 1592 Mortalem
1189 1559 1298 1597 ἆεειιὶῑς
1324 1559 1410 1600 quod
1427 1557 1531 1599 magis
1544 1556 1669 1599 placet;

357 1620 416 1652 etfi
431 1619 559 1650 Servius
574 1616 717 1649 Mortalin
734 1615 832 1657 legat.
879 1612 992 1644 Sensus
1005 1612 1066 1643 erit
1081 1622 1089 1642 :
1114 1623 1134 1642 o
1149 1612 1247 1654 Juno,
1265 1611 1358 1642 decuit
1377 1611 1532 1647 mortalem,
1551 1608 1613 1639 hoc
1628 1605 1674 1638 est

360 1673 515 1708 i-Eneam,
536 1670 645 1701 violari
661 1668 782 1698 vulnere
796 1666 901 1697 divum
912 1666 930 1696 .?
955 1664 976 1694 i.
991 1663 1082 1694 feriri
1098 1673 1196 1694 manu
1212 1662 1356 1699 dearum,
1380 1661 1441 1691 hoc
1456 1660 1501 1692 est
1514 1661 1676 1703 Juturnae,

360 1735 432 1765 quae
446 1722 504 1753 dea
513 1721 556 1753 est
569 1733 578 1759 ;
601 1731 631 1761 q.
650 1719 682 1750 d.
708 1718 856 1749 minime.
903 1715 944 1747 Et
960 1716 1022 1747 hoc
1036 1715 1114 1746 dicit
1124 1715 1259 1757 Jupiter,
1273 1722 1309 1745 nt
1324 1715 1486 1756 Junonem
1500 1711 1677 1747 incesseret,

360 1772 661 1812 criminareturquc,
684 1769 771 1811 quod
794 1767 969 1809 impulerat
992 1768 1165 1810 Juturnam
1193 1765 1290 1796 ferire
1313 1765 1464 1795 AEneam.
1513 1763 1568 1794 Ad
1587 1761 1674 1804 quod

360 1824 469 1867 paullo
485 1823 555 1867 post
571 1822 601 1853 se
626 1830 805 1864 expurgans
819 1818 989 1860 respondet
1005 1820 1090 1860 Juno
1104 1828 1112 1848 :
1148 1819 1311 1860 Juturnam
1328 1816 1430 1858 fatur
1454 1822 1516 1845 etc.
1546 1824 1578 1846 v.
1595 1813 1673 1851 ⁷813

360 1877 452 1919 sqq.‘’
510 1874 637 1906 Scilicet
668 1872 709 1903 fic
738 1870 954 1908 statuendum,
981 1869 1098 1900 vulnus
1127 1870 1242 1900 Iiineae
1272 1868 1386 1908 sagitta
1412 1867 1562 1907 ignotum
1587 1865 1676 1895 unde

361 1928 476 1971 allapsa
495 1927 574 1970 (sup.
593 1924 656 1965 318
673 1924 754 1966 sqq.)
777 1924 924 1965 Juturnae
940 1921 1040 1952 tribui
1054 1931 1072 1951 a
1087 1922 1179 1962 Jove.
1218 1919 1315 1962 Qod
1326 1918 1348 1948 fi
1365 1917 1480 1949 statuas
1495 1927 1526 1948 et
1537 1916 1594 1947 inf.
1610 1914 1673 1954 813

362 1979 408 2020 sq.
423 1978 523 2010 verba.
537 1975 672 2019 Junonis
688 1970 865 2016 comparkS,
886 1972 1059 2004 letffionem
1086 1972 1243 2003 Mortalem
1259 1970 1350 2000 valde
1365 1969 1505 2000 arridere
1520 1978 1586 1999 non
1601 1965 1676 1997 infi-

364 2032 501 2063 ciabere.
548 2030 673 2060 Contra
689 2027 734 2064 id,
748 2025 835 2067 quod
847 2035 931 2056 nunc
948 2024 981 2055 in
997 2024 1088 2055 libris
1098 2023 1231 2065 legitur,
1245 2021 1467 2052 difficultatem
1480 2020 1566 2051 haud
1580 2018 1676 2049 dubie

362 2082 454 2121 facit,
474 2081 498 2112 fi
519 2079 633 2112 mortale
648 2078 756 2109 vulnus
773 2075 936 2106 communi
952 2073 1131 2117 significatu
1146 2073 1368 2115 accipiendum
1384 2071 1440 2109 est,
1457 2078 1493 2102 ut
1509 2070 1547 2101 fit
1561 2069 1678 2100 vulnus

363 2132 523 2169 mortalis,
543 2130 596 2161 seu
612 2140 631 2160 a
654 2127 784 2159 mortali
799 2127 948 2158 illatum:
975 2125 1054 2167 quid
1067 2125 1156 2156 enim
1171 2124 1204 2154 in
1216 2135 1253 2154 eo
1270 2123 1401 2158 mirum,
1426 2121 1449 2153 fi
1467 2123 1597 2159 AEneas,
1623 2119 1677 2152 su-

363 2192 457 2216 turus
471 2182 559 2219 deus,
573 2190 657 2212 nunc
673 2187 783 2209 tamen
798 2177 909 2213 homo,
926 2187 945 2207 a
957 2175 1103 2213 mortali,
1122 2175 1161 2206 ab
1168 2175 1312 2211 homine,
1325 2175 1392 2205 telo
1406 2173 1588 2215 petebatur,
1600 2181 1677 2203 cum

364 2237 393 2269 is
407 2237 440 2267 in
461 2234 568 2266 media
582 2242 692 2275 pugna
709 2230 888 2260 versaretur
902 2228 914 2259 ἓ
948 2239 1023 2259 cum
1049 2228 1164 2257 Turno
1181 2226 1457 2268 congrederetur?
1499 2226 1611 2267 Itaque
1626 2224 1678 2255 in-

364 2289 477 2324 ducor,
500 2291 538 2315 ut
564 2283 703 2318 credam,
727 2281 904 2310 Maronem
931 2279 1074 2321 primum
1099 2277 1133 2310 h.
1157 2277 1180 2308 l.
1209 2277 1321 2308 ausum
1343 2276 1484 2307 mortalem
1508 2287 1567 2318 pro
1587 2272 1678 2306 letali

366 2339 488 2370 dicere:
512 2333 600 2377 quod
609 2332 649 2363 ad
661 2330 842 2372 analogiam
858 2338 907 2361 tot
917 2330 1055 2360 aliorum
1066 2328 1230 2364 similium,
1244 2338 1275 2357 v.
1287 2338 1316 2357 c.
1335 2326 1448 2364 letalis,
1458 2326 1495 2358 fit
1507 2326 1674 2369 praeclare;

365 2388 424 2420 etsi
436 2389 524 2419 Serv.
539 2385 683 2419 damnet,
695 2389 726 2411 et
745 2382 853 2411 Eurm.
873 2380 960 2411 renfte
971 2387 1113 2416 moneat,
1127 2378 1186 2409 effe
1196 2377 1289 2408 usum
1301 2377 1387 2408 vocis
1401 2377 1554 2418 sequioris
1567 2378 1682 2408 aetatis·

365 2441 431 2473 Sed
446 2438 515 2470 haec
527 2435 604 2480 ipsa,
621 2445 692 2477 quae
708 2433 841 2465 seriores
854 2432 1022 2475 scriptores
1035 2430 1090 2462 fibi
1105 2430 1312 2473 permittunt,
1330 2429 1439 2460 onmia
1454 2429 1520 2461 fere
1537 2440 1555 2459 a
1570 2430 1680 2471 poetis

1538 2481 1682 2523 primum

364 2582 421 2611 rat
449 2591 487 2615 ω,
511 2582 561 2628 ,47
572 2581 600 2638 Ic
622 2566 719 2616 seqq.
769 2571 989 2623 ostjzmpotentis
1054 2576 1099 2601 ex
1114 2561 1312 2600 Enniano:
1355 2561 1450 2598 Unus
1475 2566 1554 2606 erit,
1583 2575 1677 2612 quem

861 2616 992 2704 iser
1055 2612 1679 2718 :502055515d0stv‘531“3233

364 2729 454 2765 deus
472 2724 635 2773 Indiges‚
661 2724 836 2772 ἐγχὼξιος,
851 2721 907 2763 fit,
924 2719 992 2756 scis
1058 2720 1145 2767 814.
1189 2717 1290 2754 Hinc
1311 2729 1398 2753 mox
1414 2714 1512 2764 Juno
1537 2728 1573 2753 v.
1601 2717 1678 2766 819

366 2778 456 2830 ipsa.
485 2777 534 2813 cf.
554 2773 644 2818 VII,
665 2787 754 2822 313.
793 2773 896 2809 Nota
910 2771 992 2808 loca
1054 2768 1242 2819 subjungit
1254 2767 1356 2805 aliud
1372 2767 1476 2817 quid,
1489 2766 1588 2816 quod
1603 2778 1677 2804 non

367 2831 455 2868 Liv.
471 2828 507 2873 1,
524 2841 548 2871 ‚2
569 2825 599 2863 f.
627 2826 773 2863 Tibun.
793 2823 847 2867 II,
869 2838 906 2874 ς,
926 2836 990 2873 45.
1053 2821 1122 2858 fati
1150 2820 1326 2857 neceffitas
1358 2819 1533 2869 imponat.
1588 2831 1679 2869 797.

503 2905 515 2919 .
585 2884 636 2915 ati
672 2893 743 2915 ,ιιεα
784 2882 818 2926 st
844 2891 903 2914 era
921 2886 993 2914 toa
1055 2887 1074 2924 ς
1134 2900 1145 2912 .
1166 2884 1212 2922 ’9
1245 2901 1255 2911 .
1318 2880 1396 2909 orte
1437 2883 1498 2909 ,xc
1517 2874 1679 2907 exnoiu-

368 2879 500 2932 46sqq
554 2881 594 2931 s
626 2880 670 2929 sq
747 2877 772 2916 d
810 2877 848 2913 “d
952 2873 997 2910 [Γ
1082 2875 1129 2924 98
1170 2886 1239 2924 19
1289 2870 1319 2909 F
1425 2871 1443 2907 Ρ
1564 2870 1682 2959 ,ὴξῑο
