1847 3313
392 286 810 343 AENEIDOS,
866 285 1017 333 LIB.
1066 285 1158 335 ix.
1287 302 1385 349 231-

130 421 430 485 Palantisque
451 419 564 483 polo
584 418 753 466 stellas.
819 417 1000 481 Sequor
1021 419 1183 467 omina
1206 430 1355 478 tanta,

131 517 359 581 Qisquis
382 517 432 566 in
454 531 585 562 arma
607 528 763 560 vocas.
831 513 897 559 Et
920 513 981 559 fic
1002 513 1167 560 effatus
1185 515 1242 560 ad
1264 513 1443 565 undam

131 605 368 664 Processit,
393 605 673 666 summoque
696 602 847 649 haufit
863 602 923 648 de
943 603 1135 665 gurgite
1159 603 1397 665 lymphas,

130 698 294 745 Multa
315 697 427 743 deos
450 711 584 741 orans
604 717 616 747 ;
653 691 958 753 oneravitque
983 692 1159 738 aethera
1183 694 1320 740 votis.

196 789 396 850 Jamque
410 785 566 836 omnis
581 784 762 846 campis
784 783 1014 829 exercitus
1030 783 1130 830 ibat
1155 786 1343 847 apertis,
1378 801 1403 833 2
1409 800 1435 852 5

130 877 278 930 Dives
300 891 492 938 equum,
524 874 656 921 dives
680 872 826 936 pidrai
851 872 987 918 vestis
1012 885 1059 919 et
1082 875 1199 921 auri.

132 963 371 1026 Messapus
394 961 571 1024 primas
594 959 732 1014 acies,
763 958 1000 1019 postrema
1022 961 1244 1011 co'e'rcent

131 1047 384 1109 Tyrrhidae
398 1045 596 1110 juvenes
617 1064 628 1092 ε
663 1048 823 1094 medio
845 1048 942 1095 dux
970 1053 1162 1114 agmine
1185 1054 1374 1103 Turnus

128 1136 372 1182 *Vertitur
392 1150 523 1181 arma
546 1147 722 1192 tenenS‚
757 1146 803 1180 et
838 1147 940 1182 toto
966 1137 1141 1185 vertice
1169 1138 1306 1204 supra
1329 1144 1441 1191 estz‘ss'

128 1261 299 1303 proprium
315 1261 347 1293 in
364 1262 423 1294 hac
435 1273 469 1294 re
485 1262 622 1294 verbum
638 1262 692 1300 est,
719 1270 751 1294 et
763 1262 945 1296 defenditur
960 1275 978 1295 a
993 1265 1109 1297 Seneca
1123 1268 1184 1298 VII
1201 1270 1278 1302 Nat.
1296 1271 1360 1314 Q.
1387 1281 1442 1310 20,

130 1312 217 1343 idem
235 1313 317 1344 Pier.
341 1324 413 1344 cum
431 1315 490 1344 Ge.
508 1313 652 1345 Fabricio
680 1315 781 1345 tuitus
811 1323 881 1347 erat
900 1323 973 1347 ante
990 1317 1126 1356 ‘Heins.‚
1147 1320 1202 1360 qui
1223 1321 1257 1352 in
1289 1323 1442 1356 Mediceo

131 1371 165 1394 et
188 1364 259 1394 aliis
287 1364 473 1395 melioribus
497 1365 633 1398 invenit.
691 1365 759 1395 Alii
781 1365 944 1408 dfiindere,
970 1369 1076 1409 Sprot.
1099 1369 1243 1414 &hisi-ere„
1289 1374 1441 1406 Laudant

131 1415 224 1446 Iliad.
247 1417 282 1453 S,
303 1425 380 1455 554.
407 1428 442 1454 τ’,
469 1426 542 1455 300,
564 1416 618 1447 ubi
634 1417 673 1447 de
694 1417 792 1458 longo
817 1418 987 1460 prospetSlu
1011 1419 1081 1450 coeli
1105 1421 1217 1461 sereni,
1253 1434 1316 1465 quo
1344 1425 1442 1459 flellae

131 1467 232 1497 etiam
249 1466 417 1497 interiores
443 1467 557 1500 obtutu
575 1468 770 1509 deprehendi
788 1469 1094 1503 videntur.——21.
1120 1474 1287 1518 Pallentffq.
1317 1475 1441 1518 aliquot

132 1517 246 1547 Heius.
269 1524 300 1547 et
314 1518 377 1548 duo
395 1518 494 1548 Goth.
537 1519 696 1562 pclt'ennij.
721 1519 785 1549 (luo
802 1521 927 1557 Burni„
950 1531 1130 1562 perperam.
1156 1534 1186 1553 v.
1206 1525 1284 1557 Not.
1331 1528 1442 1570 Sequor

128 1568 342 1611 praetulerunt
359 1568 516 1599 llbrorum
533 1580 659 1611 quoque
677 1570 867 1602 auem-irate
888 1571 969 1602 Pier.
987 1581 1018 1602 et
1037 1573 1149 1604 Heins.
1194 1576 1292 1607 Multi
1315 1578 1441 1621 Sequar-

136 1615 137 1618 *
220 1629 273 1652 22.
295 1629 383 1650 vocat
405 1619 527 1661 aliquot
544 1621 628 1652 Pier.
677 1623 770 1663 Etsi:
786 1624 900 1664 ffatus.
925 1624 1075 1664 Languet
1091 1625 1123 1654 «τό
1137 1634 1183 1663 εἰς
1208 1626 1288 1657 nihil
1301 1636 1408 1660 tamen
1421 1640 1440 1661 e

130 1669 221 1702 libris
235 1678 381 1701 notatum
394 1671 644 1710 vide0.——-23.
671 1674 813 1716 Praecfffit
831 1674 924 1705 Leid.
971 1675 1098 1716 nimphas
1126 1677 1265 1710 Dorvill.
1284 1690 1301 1709 a
1318 1690 1362 1710 m.
1378 1680 1438 1712 sec.

217 1730 268 1758 24.
289 1733 343 1763 que
358 1720 425 1762 post
442 1723 573 1752 oneravit
589 1721 620 1751 in
636 1721 795 1764 plerisque
808 1723 965 1755 Pierianis
976 1731 1006 1754 et
1020 1725 1053 1754 iu
1078 1725 1178 1767 Giph.
1192 1728 1284 1759 codd.
1317 1729 1439 1764 aberat.

132 1773 174 1805 cf.
187 1773 227 1803 ad
237 1774 279 1809 V,
292 1772 365 1810 167.
391 1772 423 1802 Si
433 1779 540 1802 totum
554 1772 789 1805 hemistichium
806 1774 931 1812 abeffct³
946 1785 1053 1813 nemo,
1068 1776 1216 1815 arbitror,
1235 1778 1437 1815 desideraret,

220 1832 269 1862 25.
293 1824 425 1865 Jamque
443 1824 512 1854 adeo
536 1823 662 1855 Medic.
679 1835 697 1854 a
713 1835 757 1857 m.
777 1825 834 1855 sec.
928 1827 980 1858 26.
1001 1829 1095 1868 pifiai
1110 1830 1191 1859 conf.
1217 1830 1257 1860 ad
1272 1832 1328 1868 vi,
1361 1841 1435 1873 747,

219 1882 269 1913 27.
294 1873 431 1916 Msfizpus
449 1873 524 1904 Ald.
540 1880 571 1903 et
584 1874 864 1907 Dorvill.—-—28.
886 1877 1008 1908 ‘Turidae
1022 1878 1162 1911 Dorvill.
1255 1890 1305 1922 29.
1324 1885 1442 1916 Versus

129 1925 216 1958 haud
230 1923 323 1955 dubie
341 1934 377 1956 cx
393 1923 448 1958 lib,
466 1925 537 1962 VII,
561 1924 624 1964 784
640 1924 701 1957 huc
712 1926 889 1958 transsatus.
932 1927 1059 1959 Turbat
1071 1928 1125 1960 ille
1141 1937 1172 1961 et
1189 1934 1440 1974 comparationis

129 2041 265 2079 Versus
287 2043 330 2079 18
356 2042 464 2079 verba
484 2042 564 2080 sunt
581 2055 626 2079 ex
645 2041 754 2082 Iliad.

130 2112 169 2137 σ,
192 2096 276 2131 182.

186 2158 248 2183 21.
276 2144 367 2182 Non
401 2158 534 2182 novum
565 2147 613 2184 est
642 2147 755 2183 osten-

134 2205 211 2234 tum
229 2208 237 2232 :
262 2196 418 2245 palantes
437 2196 512 2246 polo
516 2198 634 2247 stellas
654 2198 753 2234 vide-

132 2262 170 2285 re
186 2248 307 2285 medio
324 2247 405 2292 die;
446 2259 481 2284 et
509 2249 557 2285 est
581 2249 617 2286 h.
642 2250 666 2286 l.
699 2249 753 2285 in-

131 2298 418 2336 terdiuoblatum
427 2299 624 2350 auspicium
636 2317 645 2346 ;
658 2314 751 2337 nunc

132 2360 248 2388 tamen
266 2351 480 2387 ornanthaec
499 2352 639 2396 caelum,
653 2352 750 2402 quod

129 2401 332 2453 disruptum
343 2402 388 2438 est
403 2401 482 2449 (hos
498 2405 651 2452 dfiedere
668 2403 750 2440 dix.-

134 2454 180 2497 it,
223 2466 312 2490 voce
344 2453 382 2489 in
415 2454 480 2489 hac
517 2467 553 2491 re
587 2455 749 2505 propria,

130 2518 197 2556 pro
214 2504 409 2547 dehiscere,
444 2504 584 2542 hiatum
615 2506 747 2553 facere)

132 2565 184 2599 et,
214 2556 313 2606 quod
342 2555 428 2593 alias
445 2556 483 2593 in
511 2557 655 2608 fulgure
672 2558 749 2595 fieri

130 2606 235 2651 solet,
270 2607 412 2644 chasma
442 2608 551 2654 fecit;
590 2609 748 2660 apposita

131 2666 264 2695 vocant
278 2658 536 2697 Grammatici.
578 2659 618 2697 Si
633 2663 752 2710 itaque

132 2710 246 2760 ruptis
259 2709 413 2748 nubibus
429 2710 468 2747 in
482 2710 653 2749 interiora
671 2726 751 2762 per-

132 2760 243 2805 rexit,
260 2760 371 2798 stellas
387 2775 568 2812 apparere,
599 2764 753 2801 nubibus

130 2811 294 2854 remotis,
319 2813 450 2850 neceffe
464 2813 548 2850 fuit.

185 2876 350 2916 25·=··32·
380 2863 547 2913 Fundum
567 2878 752 2917 compara·

1302 1994 1441 2018 nervum

817 2043 927 2082 tionis
952 2044 1111 2081 declarat
1128 2046 1294 2086 Servius:
1338 2063 1441 2089 exer-

818 2096 933 2132 citum
951 2096 1068 2146 primo
1086 2098 1231 2135 confuse
1246 2099 1284 2136 in
1296 2114 1440 2153 campos

819 2147 937 2192 ruiffe,
963 2148 1039 2197 post
1054 2147 1228 2198 digestum
1243 2150 1281 2187 in
1295 2154 1440 2193 ordines

819 2199 866 2234 ad
895 2198 1055 2235 fluminis
1082 2212 1217 2238 rnorem
1237 2202 1273 2239 in
1296 2205 1437 2245 alveum

818 2250 917 2286 suum
939 2250 1075 2287 reverfi.
1130 2251 1175 2289 Id
1193 2267 1276 2291 vero
1295 2256 1439 2308 longius

816 2301 982 2351 petitum.
1018 2301 1142 2339 Multo
1161 2304 1277 2342 minus
1292 2320 1437 2359 compa-

817 2352 911 2390 ratio
930 2353 1060 2402 spee‘tat
1076 2355 1122 2391 ad
1147 2356 1329 2395 Turnum.
1357 2361 1439 2410 Ag-

817 2417 898 2441 men
932 2406 1076 2447 ordine,
1119 2407 1218 2443 lento
1250 2409 1367 2458 gradu
1400 2423 1438 2450 et

815 2456 1010 2506 composite
1050 2457 1230 2502 incedens,
1284 2463 1439 2507 staminis

814 2507 884 2544 lato
913 2507 1013 2545 alveo
1046 2514 1135 2546 inter
1166 2517 1256 2559 ripas
1289 2513 1443 2552 devoluti

814 2558 966 2610 speciem
984 2572 1057 2609 prae
1084 2559 1117 2596 se
1136 2560 1228 2597 ferre
1247 2561 1336 2600 bene
1360 2565 1438 2603 dici

814 2610 939 2660 potest.
994 2610 1105 2661 Qod
1123 2611 1160 2648 in
1179 2612 1309 2662 Gange
1334 2615 1438 2655 alveo

817 2661 880 2699 suo
910 2662 945 2698 se
958 2663 1163 2699 continente
1180 2664 1438 2712 declaraverat,

817 2726 904 2750 mox
923 2712 1038 2750 variat
1056 2713 1093 2750 in
1112 2713 1217 2756 Nilo,
1254 2715 1349 2754 intra
1385 2721 1438 2757 al..

815 2777 919 2802 veum
938 2774 1092 2813 recepto.
1148 2765 1206 2802 De
1228 2767 1378 2818 Meffizpo
1401 2785 1438 2811 v.

815 2816 862 2853 ad
897 2815 989 2858 Vll,
1030 2816 1099 2866 691
1139 2817 1290 2856 Excurs.
1329 2820 1438 2864 VIII.

817 2866 1011 2918 Tyrrhidae,
1045 2881 1081 2908 v.
1111 2866 1189 2922 sup.
1219 2869 1309 2914 VH,
1344 2876 1439 2923 484.

1348 2937 1439 2975 5329
