1847 3313
456 256 870 316 AENEIDOS,
920 256 1073 308 LIB.
1121 254 1232 308 VII.

151 393 189 432 in
202 391 417 431 contrariam
429 392 520 430 adeo
535 391 776 443 reprehenfio·

151 457 235 482 nem
262 444 423 482 incidere
450 445 646 485 multorum
673 444 774 493 judi-

151 496 213 534 cio
230 495 347 534 videri
377 496 514 546 poffim.
568 495 683 532 Omni
701 494 775 545 igi-

152 557 213 584 tur
227 547 430 598 cupiditate
446 559 486 584 ac
498 547 616 584 studio
630 546 667 583 in
683 551 774 596 poe-

153 608 228 636 tam
257 597 433 650 depofito,
459 609 578 636 tamen
594 599 674 648 jure
692 611 774 639 meo

150 662 211 686 me
243 650 312 687 hoc
346 650 579 700 pronuntiare
601 649 773 695 arbitror,

151 699 191 738 in
216 701 384 738 omnibus
402 701 458 738 his
484 700 773 752 argutationibus

150 764 265 802 pauca
296 753 378 798 effe,
414 766 496 802 quae
527 752 608 790 viro
639 751 775 789 intelli-

149 804 252 854 genti
269 803 304 841 se
319 803 470 854 probare
487 804 627 855 poffint.
666 804 773 840 Adeo

149 867 170 891 a
188 859 305 905 poetae
335 855 503 899 confilio,
529 854 699 892 carminis
716 866 774 893 ar·

149 916 338 957 gumento,
364 906 518 944 heroicae
535 906 618 943 vitae
634 906 772 951 indole,

151 957 327 1007 Augustei
347 957 415 994 aevi
432 957 532 995 sensu
551 971 593 995 ac
613 957 771 1007 judicio,

149 1008 338 1046 communi
355 1018 492 1047 naturae
509 1010 675 1047 humanae
692 1010 772 1061 lege

147 1072 191 1097 ac
222 1072 339 1104 more,
364 1059 534 1098 carminis
560 1060 657 1111 epici
679 1060 772 1098 inte-

148 1110 308 1149 rioribus
342 1111 480 1156 cauffis,
533 1113 651 1150 aliena
690 1112 772 1150 sunt

149 1164 333 1214 pleraque,
361 1173 401 1200 ut
418 1163 480 1200 illa
497 1164 631 1201 centies
650 1176 772 1202 recoc-

149 1224 186 1251 ta
205 1215 334 1252 iterum
349 1215 544 1266 perlegere,
571 1215 700 1252 iterum
715 1228 770 1253 re-

147 1265 285 1311 fellere,
301 1266 459 1304 molestia
476 1267 577 1304 omni
592 1266 771 1305 molestius

148 1317 204 1355 fit.

200 1368 256 1406 Ut
295 1378 415 1406 tamen
464 1368 771 1421 interpretationis

149 1419 221 1458 hoc
247 1433 360 1472 genus
393 1434 528 1465 meum,
569 1422 668 1471 quod
695 1435 769 1459 non

148 1471 386 1509 desultorium
417 1474 482 1509 effe
509 1473 555 1510 ab
580 1473 687 1511 initio
707 1474 769 1511 de-

147 1522 263 1566 crevi,
289 1523 354 1560 fibi
382 1525 534 1570 constet,
559 1538 630 1562 non
650 1526 770 1562 omni-

149 1588 199 1611 no
242 1587 300 1611 eas
354 1575 514 1626 argutias
560 1577 772 1626 praetermit-

147 1636 224 1663 tere
252 1625 349 1664 licet.
421 1626 654 1678 Perstringarn
700 1628 769 1666 ita-

147 1689 218 1727 que
246 1677 445 1715 breviffime
478 1678 622 1729 potiora
655 1692 771 1731 repre-

145 1728 354 1766 henfionum
373 1730 430 1767 vel
459 1730 608 1767 laudum
635 1729 770 1782 capita,

146 1789 183 1817 et
200 1790 381 1830 tamquam
416 1781 486 1818 levi
515 1781 635 1832 digito
661 1782 770 1820 attin-

144 1844 228 1882 gam
247 1844 303 1883 ea,
332 1844 411 1883 quae
433 1834 554 1870 cauffis
569 1833 708 1871 idoneis
729 1834 768 1873 in

147 1893 335 1933 utramque
352 1892 488 1934 partem
503 1884 649 1923 destitui
665 1886 768 1936 equi-

146 1934 230 1972 dem
247 1935 417 1972 arbitror.
455 1936 649 1974 Actionem
667 1938 770 1975 aiunt

146 1986 194 2023 ab
212 1986 281 2024 hoc
301 1986 397 2023 libro
424 1987 618 2037 procedere
636 1988 767 2027 carmi·

146 2037 203 2075 nis
218 2038 380 2083 alteram,
407 2052 428 2075 a
445 2038 565 2089 priore
575 2039 768 2086 diversam,

147 2090 247 2139 quod
265 2089 311 2126 ab
329 2089 466 2127 unitate
492 2091 663 2128 carminis
689 2092 768 2143 epi-

145 2139 182 2177 ci
215 2150 387 2192 quantum
411 2141 602 2180 abhorret!
647 2156 700 2182 res
730 2144 769 2182 in

141 2190 254 2229 'Italia
267 2193 375 2243 gestas
385 2209 395 2238 3
424 2193 534 2243 idque
548 2194 663 2245 ipsum
682 2200 769 2246 poe-

146 2252 221 2280 tam
240 2257 311 2281 non
329 2244 517 2294 ignoraffe,
543 2259 626 2283 cum
645 2246 690 2284 fic
708 2260 767 2285 or-

144 2293 270 2333 diatur
297 2296 541 2333 narrationem
569 2311 603 2335 v.
635 2313 698 2349 44.
717 2313 765 2351 45

146 2346 269 2398 Mcgjor
285 2362 393 2385 rerum
411 2347 494 2386 mihi
507 2352 652 2399 nascitur
667 2352 741 2388 ordo
755 2366 769 2388 .·

146 2397 272 2450 quus
289 2408 364 2447 opus
381 2414 493 2437 moveo
509 2413 522 2436 :
551 2413 631 2437 eum
652 2411 770 2440 autem

148 2448 187 2487 in
239 2449 334 2487 hunc
377 2462 535 2488 errorem
570 2451 773 2499 inductum,

176 2501 247 2539 uod
265 2500 324 2540 sex
340 2501 520 2552 prioribus
534 2502 637 2540 libris
651 2504 772 2554 Odys-

147 2514 259 2596 seam,
297 2552 353 2589 his
382 2553 501 2590 alteris
531 2554 590 2591 sex
618 2555 770 2594 Iliadem

149 2603 338 2641 redhibere
367 2612 404 2641 et
432 2605 632 2656 exprimere
652 2608 772 2645 volue-

147 2654 213 2692 rit.
284 2654 412 2707 Qod,
468 2657 493 2694 fi
529 2657 619 2707 qui'd
654 2659 770 2702 aliud,

147 2705 276 2744 frustra
306 2704 473 2750 sumitur,
499 2709 561 2745 etfi
581 2710 657 2758 jam
677 2709 770 2748 inter

148 2756 320 2795 Serviana
353 2769 569 2809 nugamenta
604 2761 665 2809 (ad
699 2762 767 2800 lib.

150 2806 245 2854 VII,
283 2811 317 2858 ι)
348 2810 596 2857 venditatum
634 2825 716 2857 nec,
744 2814 769 2851 fi

148 2855 190 2899 in
216 2860 363 2915 singulis
389 2862 551 2913 partibus
582 2865 638 2904 vel
656 2864 771 2915 episo-

845 389 919 428 diis
954 391 1113 431 Homeri
1147 391 1308 444 vestigiis
1342 393 1470 434 iniistis}

847 441 974 487 Maro,
1011 456 1095 483 eum
1122 444 1175 483 ita
1206 445 1369 484 imitatus
1402 449 1469 484 esse

847 493 949 532 credi
967 494 1137 541 debebat,
1165 504 1206 533 ut
1234 497 1310 547 ejus
1340 510 1476 549 corpusr

847 545 885 582 in
897 555 1014 596 partes
1031 547 1216 585 diffenum
1236 561 1333 586 novo
1349 562 1473 587 exem-

845 597 910 647 plo
926 598 1208 649 conglutinaret.
1262 601 1471 651 Antequam

847 648 894 685 ad
925 647 1071 686 Italiam
1103 651 1289 688 accederet
1323 652 1473 698 AEneas‚

847 699 917 736 iter
932 699 1050 750 Troja
1066 701 1200 739 factum
1217 712 1293 739 erat
1311 717 1468 742 comme·

847 751 1080 789 morandum.
1143 752 1258 804 Qod
1294 754 1335 792 in
1366 755 1472 793 Afri-

845 814 926 839 cam
969 803 1134 841 defertur
1175 805 1301 848 claffis,
1353 807 1471 856 quod,

845 864 929 890 curn
950 853 1048 903 Juno
1075 854 1263 893 fraudibus
1291 857 1362 895 hoc
1400 858 1472 896 suis

845 904 1066 956 consequuta
1081 919 1154 944 non
1173 908 1270 952 effer,
1299 919 1339 946 ut
1351 909 1472 947 Dido·-

847 955 902 992 nis
918 969 1039 994 amore
1057 957 1215 996 irretitus
1235 959 1365 998 AEneas
1377 962 1471 998 Car-

844 1007 994 1058 thagine
1009 1009 1201 1054 defideret,
1227 1011 1357 1049 iterum
1382 1026 1471 1052 con-

843 1057 970 1097 scenfis
988 1061 1138 1099 navibus
1156 1061 1320 1100 Siciliam
1335 1064 1470 1102 adeunt

845 1109 1017 1161 Trojani,
1042 1123 1078 1150 et
1101 1113 1187 1151 inde
1205 1114 1359 1164 profecti
1387 1126 1470 1154 tan·

843 1161 929 1204 dem
948 1163 1097 1201 Tiberis
1115 1165 1202 1202 ostia
1219 1166 1440 1205 invehuntur
1453 1180 1466 1205 z

843 1226 885 1251 ea
902 1215 1026 1252 omnia
1042 1216 1088 1253 ad
1106 1230 1214 1254 unam
1229 1218 1331 1256 illam
1357 1219 1470 1258 afflo-

841 1278 927 1303 nem
941 1279 1014 1304 non
1033 1268 1151 1307 minus
1165 1269 1343 1320 pertinent
1359 1284 1468 1321 quam

842 1317 1089 1362 difficultates,
1132 1334 1212 1371 quae
1248 1321 1392 1360 escensu
1428 1323 1468 1360 in

844 1368 980 1407 Latino
1009 1370 1138 1409 littore
1159 1372 1255 1410 facto
1273 1374 1468 1412 suboriun-

840 1429 919 1465 tur,
946 1421 1149 1474 quibusque
1166 1425 1360 1463 verendum
1374 1436 1467 1471 erat,

844 1484 890 1510 ne
909 1485 928 1509 a
945 1473 1088 1512 sedibus
1107 1474 1144 1513 in
1161 1476 1271 1513 Latio
1284 1490 1468 1528 occupan-

843 1523 901 1561 dis
918 1535 955 1561 et
972 1539 1067 1563 nova
1084 1527 1229 1565 colonia
1243 1528 1314 1566 huc
1331 1530 1467 1567 ducen-

844 1577 890 1612 da
908 1577 1188 1626 prohiberentur
1216 1580 1371 1629 Trojani
1402 1582 1465 1618 ad-

845 1639 957 1665 venae.
1010 1629 1198 1668 Invocatio
1230 1631 1348 1670 Musae
1390 1646 1465 1670 non

842 1691 906 1728 per
923 1679 957 1716 se
971 1690 1109 1730 partem
1121 1682 1239 1733 operis
1252 1683 1467 1722 constituere

835 1731 947 1783 potest
964 1745 1120 1770 novam:
1160 1734 1218 1771 sed
1238 1735 1281 1772 ad
1301 1735 1464 1773 excitan-

834 1785 900 1821 dos
917 1792 952 1819 et
986 1783 1262 1823 inflammandos
1278 1786 1343 1823 sub
1362 1800 1464 1837 mag-

834 1847 890 1872 nae
924 1832 977 1871 rei
1007 1837 1201 1874 exordium
1229 1851 1314 1875 cum
1349 1841 1468 1889 po‘e‘tae

833 1894 912 1923 tum
931 1886 1074 1924 lectoris
1095 1888 1235 1927 animos
1263 1891 1380 1928 valere
1399 1892 1461 1928 de-

833 1937 907 1976 bet.
962 1936 1073 1989 Qod
1088 1940 1227 1978 diversa
1242 1940 1323 1979 sunt
1341 1955 1461 1980 rerum

834 1989 873 2027 in
909 1989 965 2026 his
998 2003 1041 2028 ac
1075 1990 1319 2042 superioribus
1355 1994 1460 2031 libris

834 2041 1092 2080 narrandarum
1122 2056 1271 2094 genera,
1302 2047 1374 2083 hoc
1405 2046 1460 2096 ip-

835 2093 912 2130 sum
927 2094 974 2129 ad
991 2094 1173 2133 varietatis
1188 2108 1230 2133 ac
1249 2097 1364 2147 copiae
1381 2098 1460 2134 lau-

834 2144 919 2182 dem
951 2145 1118 2195 pertinet.
1172 2146 1267 2199 Qis
1299 2148 1339 2186 in
1376 2149 1458 2186 Ho-

835 2209 934 2233 mero
950 2197 1132 2235 recensum
1157 2199 1305 2236 navium
1326 2214 1459 2246 novam

834 2248 1003 2286 carminis
1019 2259 1154 2299 partem
1170 2251 1384 2290 constituere
1400 2251 1460 2290 di-

834 2300 944 2343 xerit,
984 2301 1159 2350 quoniam
1202 2305 1308 2353 poeta
1344 2304 1459 2341 Mufis

833 2349 1010 2389 invocatis
1021 2352 1126 2391 illum
1143 2354 1312 2392 orditur?
1338 2356 1459 2407 Majus

833 2411 909 2451 opus
929 2403 962 2440 se
990 2416 1147 2448 movere,
1175 2405 1337 2456 ingredi,
1365 2404 1460 2445 dicit

834 2458 967 2504 poeta:
1013 2468 1130 2492 rerum
1167 2469 1309 2497 naturas
1345 2460 1472 2512 respin-

833 2505 948 2550 ciens,
966 2506 1060 2543 bella
1077 2520 1118 2544 ac
1139 2522 1290 2559 pugnas,
1305 2525 1388 2549 cum
1401 2522 1457 2550 er-

836 2557 976 2594 roribus
997 2558 1191 2598 maritimis
1214 2575 1457 2614 comparatas:

836 2608 960 2647 Dicam
1002 2610 1138 2649 horrida
1182 2614 1286 2658 bella,
1330 2616 1457 2661 Dicam

833 2666 917 2698 acies
931 2670 1001 2698 etc.
1030 2676 1066 2700 v.
1085 2677 1148 2711 4¹·
1166 2680 1230 2715 42.

886 2712 1168 2762 Reprehendunt
1195 2717 1258 2754 alii
1292 2723 1456 2770 poetam.

833 2764 932 2813 quod
952 2764 1078 2802 horum
1107 2766 1166 2804 sex
1196 2768 1372 2809 librorum
1400 2786 1456 2811 ar-

834 2826 1046 2864 gumentum
1066 2815 1161 2855 intra
1190 2820 1285 2858 bella
1303 2835 1344 2860 ac
1363 2837 1455 2876 pug-

833 2879 897 2904 nas
936 2868 1169 2908 continetur:
1225 2873 1292 2911 hac
1338 2887 1458 2915 rerum

1325 2925 1393 2965 sem
1397 2940 1462 2980 per
