1847 3313
405 243 814 329 AENEIDos,
867 270 1015 318 Llss.
1072 244 1160 318 rx.
1325 275 1416 332 323

113 384 217 457 Nec
240 408 475 472 longum
465 426 512 455 m
537 408 695 454 medio
719 420 942 470 tempus;
978 422 1129 469 quum
1153 405 1334 452 clamor
1356 402 1417 451 ad

310 500 433 546 auris
1324 505 1415 558 395

112 583 346 649 Pervenit,
378 607 430 638 ac
457 589 584 637 videt
619 589 910 651 Euryalum:
947 604 1090 651 quem
1125 586 1225 651 jam
1251 602 1417 634 manus

309 681 463 728 omnis

109 755 293 817 Fraude
315 769 407 816 loci
431 782 475 814 et
494 755 658 824 ridelis,
681 768 838 814 subito
861 765 1079 813 turbante
1100 764 1330 821 tumultu,

110 850 396 925 Oppressum
421 857 541 920 rapit
567 867 612 902 et
628 868 883 902 conantem
907 855 1115 918 plurima
1134 853 1316 900 frustra.

112 950 245 1015 Qid
264 948 429 995 faciat
419 946 436 977 Ρ
460 961 552 1008 qua
571 944 616 990 vi
633 943 877 1008 juvenem,
895 944 1067 1006 quibus
1084 941 1253 989 audeat
1274 944 1418 990 armis

109 1044 306 1105 Eripere
329 1040 345 1086 ?
386 1055 445 1085 an
468 1036 559 1084 sese
576 1036 758 1083 medios
781 1036 1037 1082 moriturus
1063 1035 1109 1082 in
1133 1034 1262 1082 enses
1319 1051 1416 1095 400

110 1128 304 1190 Inferat,
318 1144 363 1178 et
378 1129 630 1193 pulchram
648 1139 868 1190 properet
884 1143 968 1190 per
984 1127 1175 1174 volnera
1184 1129 1418 1174 mortem?

109 1224 257 1271 Ocius
280 1220 482 1268 addusto
507 1230 728 1281 torquens
749 1207 1130 1274 hastile'lacerto9

106 1313 373 1378 'Suspiciens
397 1312 541 1358 altam
568 1310 768 1366 Lunam,
793 1308 855 1355 fic
881 1325 997 1356 voce
1019 1322 1265 1372 precatur:

155 1454 230 1487 395.
255 1445 322 1476 dum
345 1444 431 1473 Ven.
477 1450 536 1471 rum
554 1439 638 1469 Gud.
667 1450 683 1469 a
700 1449 744 1468 m.
769 1448 818 1479 pri
845 1448 917 1469 cum
929 1437 1012 1468 binis
1028 1438 1105 1470 aliis.
1196 1446 1269 1479 397.
1294 1446 1320 1469 et
1335 1439 1418 1468 noHiae

105 1490 194 1539 subito
219 1505 240 1527 t.
255 1505 278 1526 t.
298 1494 468 1536 junxerant
485 1491 564 1521 olim
580 1490 634 1520 alii
651 1500 700 1531 ap.
717 1489 863 1519 Servium
878 1504 883 1518 :
910 1496 940 1519 et
961 1489 999 1519 fic
1016 1489 1048 1519 iu
1066 1490 1217 1520 Nlediceo
1233 1489 1418 1530 interpungi

110 1548 214 1583 video.
305 1545 380 1586 398.
407 1544 542 1587 Opprfft
570 1542 670 1574 Goth.
689 1541 749 1572 sec.
797 1543 872 1584 rapi,
893 1546 928 1571 ut
955 1541 994 1570 ad
1021 1541 1103 1572 videt
1132 1541 1315 1578 referretur,
1338 1540 1417 1570 olim

110 1590 260 1632 nonnulli
275 1608 324 1639 ap.
346 1598 435 1628 Serv.
477 1607 502 1626 c.
517 1603 550 1637 p.
569 1603 664 1624 contra
682 1592 838 1623 Montulb.
927 1601 1002 1633 399.
1027 1594 1106 1629 Heu,
1126 1593 1196 1635 quid
1209 1594 1307 1634 agat?
1330 1594 1420 1623 Serv-

109 1652 150 1684 ad
167 1653 212 1681 IV
230 1651 305 1681 AEn.
327 1648 566 1686 283.———400.
592 1644 708 1687 autfise
731 1645 867 1685 R'Icnag.
887 1654 936 1684 pr.
985 1646 1012 1674 in
1029 1644 1098 1687 ettfis
1116 1643 1227 1675 Heius.
1245 1645 1420 1683 revocavit,

111 1710 147 1733 ut
162 1700 304 1733 varietur
316 1698 431 1733 oratio,
456 1696 623 1726 cumidem
638 1694 873 1726 hemistichium
883 1695 948 1736 sup.
964 1696 1002 1732 ll,
1024 1704 1085 1734 511
1104 1703 1262 1726 occurrat.
1309 1697 1419 1737 Atque

109 1752 150 1784 fic
166 1750 254 1781 Gud.
285 1756 317 1780 et
333 1747 387 1778 alii
404 1745 512 1777 Heius.
537 1744 576 1776 cf.
609 1745 720 1775 Burni.
767 1747 788 1774 ‘x
786 1743 853 1785 ilg
841 1755 874 1773 o
903 1744 931 1774 le
935 1744 1008 1774 clm
999 1755 1043 1773 ιιι
1076 1746 1102 1774 in
1117 1745 1186 1786 har?
1180 1757 1212 1782 s,
1233 1746 1318 1786 quod
1334 1754 1387 1777 tu
1373 1747 1418 1778 ri

111 1808 237 1845 poterat
254 1798 416 1830 consensuz
432 1797 530 1826 Rom.
563 1802 595 1825 et
630 1793 746 1825 Medic.
782 1794 910 1826 Zulich.
958 1796 1141 1835 Utrumque
1157 1796 1282 1826 Servius
1297 1796 1415 1833 Ιειι.ἀιι;,

197 1861 271 1891 403.
300 1851 387 1882 altam
409 1849 451 1880 ad
474 1850 589 1880 Lunam
612 1847 708 1876 Rom.
738 1853 768 1876 et
788 1846 842 1877 alii
869 1846 955 1877 Pier.
983 1857 1056 1877 cum
1087 1849 1126 1877 Ζι
1127 1847 1178 1878 ilic
1182 1848 1214 1878 h.
1231 1860 1240 1886 3
1263 1856 1295 1879 et
1314 1857 1370 1890 pot
1359 1850 1416 1881 rest

109 1906 233 1938 ἀοθείιιε
249 1904 371 1935 ἀίἃιιιιι
394 1902 507 1932 videri.
547 1901 588 1931 cf.
624 1899 664 1930 ad
688 1899 777 1930 Cirin
811 1909 838 1938 7.
885 1900 1029 1942 Vulgare
1057 1901 1118 1932 est·
1157 1902 1275 1944 aspicere
1307 1904 1414 1937 limam„

105 1958 194 1997 Mox
217 1965 244 1987 ct
267 1953 389 1985 inferfit
406 1951 515 1983 Hcins.
542 1952 572 1981 S.
593 1963 621 1982 a.
636 1951 761 1986 Lunam,
791 1951 874 1991 etſsc
888 1964 923 1982 v
948 1960 1010 1993 pr„
1033 1963 1074 1992 qn
1068 1951 1119 1982 od
1145 1952 1247 1982 miror
1263 1954 1416 1994 pr)rl'us;

105 2019 183 2049 nam
205 2016 232 2038 et
253 2016 318 2037 non
332 2004 439 2041 habet,
461 2013 524 2044 quo
540 2001 667 2033 referas.
714 2001 874 2032 Exhibent
891 2002 1022 2043 quidem
1038 2002 1119 2033 illud
1134 2002 1258 2034 codices
1282 2012 1313 2035 et
1330 2006 1415 2036 Fris-

108 2059 215 2089 cianus
236 2057 290 2087 lib.
316 2055 415 2092 XVI,
437 2054 490 2085 sed
507 2062 670 2095 tamquam
682 2053 877 2094 exemplum,
899 2064 962 2095 quo
979 2053 1168 2095 particulam
1183 2064 1416 2097 nonnunquam

108 2109 255 2153 postponi
273 2107 404 2152 constet.
448 2105 550 2147 Igitur
566 2112 634 2135 erat
662 2104 955 2146 interpungendum
978 2105 1106 2136 saltem:
1145 2105 1299 2148 Suspiciens
1327 2108 1416 2139 altam

110 2164 224 2195 Lunam
241 2168 277 2197 et,
289 2158 316 2202 s.
353 2159 400 2200 fic
415 2169 458 2187 ore
467 2165 520 2199 pr.
545 2156 666 2197 aliquot
684 2156 768 2186 Pier.
785 2164 815 2186 ct
829 2156 914 2186 Gud.
929 2166 948 2186 a
963 2166 1008 2187 m.
1027 2156 1086 2188 sec.
1123 2155 1206 2198 forte
1214 2165 1265 2200 pr.
1289 2158 1417 2194 Medic.

109 2223 169 2256 pro
181 2211 248 2242 div.
267 2209 342 2240 lest.
385 2207 467 2239 Vide
479 2207 544 2249 sup.
574 2206 777 2245 adv1,186.

104 2320 390 2372 expessationem
433 2317 645 2355 movendam
681 2316 728 2354 est
844 2330 933 2365 40²·
961 2316 1164 2354 Consilium
1191 2316 1274 2354 Nifi
1301 2329 1345 2354 ex
1375 2331 1412 2355 v.

108 2374 326 2428 comparata.
383 2371 467 2420 396.
471 2373 612 2418 -39-(3.
655 2367 728 2404 Ευ-
793 2382 867 2419 409
895 2369 1152 2405 declarandum
1170 2369 1239 2405 est:
1269 2368 1414 2405 volebat

110 2423 248 2472 ryalum
277 2424 504 2474 ignoratione
521 2420 659 2457 viarum
679 2429 729 2456 te-
792 2420 937 2457 occulto
981 2430 1016 2456 et
1061 2420 1246 2469 repentino
1285 2419 1413 2456 assultu

108 2474 295 2525 nebrisque
309 2474 523 2524 oppressum,
543 2471 728 2522 inopinato
793 2471 1005 2508 conturbare
1022 2482 1056 2508 et
1075 2471 1295 2508 consternare
1330 2470 1414 2507 hos-

108 2525 217 2563 hostis
235 2525 389 2562 adventu
420 2524 617 2567 turbatum,
653 2522 727 2560 fru-
790 2532 855 2567 tes,
889 2533 928 2559 ut
953 2522 1097 2566 incerti,
1127 2522 1257 2572 quibus
1273 2521 1412 2558 infidiis

109 2579 247 2627 straque
265 2577 375 2614 modo
402 2576 470 2612 hoc
498 2574 608 2627 modo
635 2574 727 2611 illud
792 2587 849 2624 pe
839 2584 1009 2618 merentur
1037 2575 1075 2610 in
1094 2573 1217 2622 fugam
1247 2572 1279 2608 se
1298 2572 1413 2621 conji-

112 2632 318 2671 conantem,
352 2628 437 2664 dum
473 2623 568 2663 nuuc
602 2625 666 2675 fug
655 2639 727 2661 am
791 2635 939 2669 cerent3
967 2625 1017 2661 ita
1051 2623 1232 2661 liberandi
1262 2622 1412 2672 Euryali

110 2677 205 2715 nunc
241 2692 337 2716 arma
368 2688 484 2729 parat,
516 2677 661 2727 capiunt
693 2686 728 2714 ct
791 2677 933 2727 copiam
969 2676 1059 2714 fore.
1128 2675 1176 2711 Et
1211 2674 1412 2712 succeflisset

108 2730 305 2768 abducunt.
792 2740 862 2771 res,
893 2726 957 2764 nist
976 2737 1088 2765 morte
1115 2725 1304 2776 Euryalo
1294 2738 1409 2762 mien-

846 2779 883 2816 X
913 2792 933 2816 2
1339 2785 1411 2814 tata
