1847 3313
377 285 473 338 350
575 257 1046 317 P.VIRG1L11
1110 251 1507 305 MARONIS

379 407 484 457 Nec
507 418 554 452 te
575 399 719 465 Troja
739 398 884 461 capit.
959 392 1110 440 Simul
1136 393 1240 439 haec
1265 388 1449 446 effatur„
1483 388 1542 434 ab
1564 380 1660 435 alto

1596 477 1686 540 645

957 576 1181 623 Formam
1205 584 1310 618 tum
1338 570 1534 616 vertitur
1556 568 1649 614 oris

992 665 1090 712 Hic
1117 662 1358 711 Daxdmio
1382 658 1599 707 Anchisae

386 762 611 824 Armiger
632 771 739 805 ante
763 757 869 814 fuit,
904 753 1115 817 fidusque
1138 765 1196 798 au
1215 751 1382 797 limina
1401 748 1553 796 custos
1568 772 1583 803 ;

378 497 574 548 AEthere
598 493 642 539 se
665 490 829 545 mittit,
864 488 1081 550 spirantis
1103 484 1319 529 dimovet
1343 496 1492 536 auras,

379 586 730 645 Ascaniumque
752 580 889 643 petit.

382 676 652 738 Antiquum
675 672 726 716 in
751 669 920 716 Buten.

387 854 518 904 Tum
537 850 766 899 comitem
783 847 986 895 Ascanio
1008 857 1141 908 pater
1159 841 1358 889 addidit.
1397 839 1502 886 Ibat
1521 837 1698 901 Apollo

386 946 566 995 Omnia
589 945 807 1006 longaevo
828 938 1012 993 fimilis,
1047 949 1324 997 vocemque,
1359 930 1680 992 coloremque,

1607 1018 1697 1081 651

388 1036 454 1086 Et
475 1036 618 1084 crinis
641 1033 772 1080 albos
796 1042 842 1078 et
867 1030 990 1077 saeva
1014 1026 1257 1074 sonoribus
1280 1037 1411 1070 arma
1432 1040 1443 1068 ε

392 1129 553 1192 Atque
568 1126 642 1173 his
662 1124 909 1171 ardentem
935 1119 1075 1167 dietis
1099 1116 1282 1164 adfatur
1305 1115 1492 1162 Iulum:

437 1262 513 1301 ⁶44·
535 1262 639 1305 aſjbtus
656 1256 778 1301 aliquot
794 1252 1070 1291 Burm.—645.
1096 1250 1166 1294 mg'fit
1188 1250 1309 1290 aliquot
1333 1248 1415 1279 Pier.
1434 1255 1466 1279 et
1491 1248 1599 1278 Burm.
1635 1247 1709 1288 spu&

394 1323 498 1348 nantes
513 1326 562 1357 pr.
582 1312 703 1344 Hamb.
749 1312 869 1340 demovet
882 1308 945 1339 duo
963 1307 1073 1337 Burm-
1091 1314 1163 1334 cum
1180 1304 1277 1334 Rom.
1369 1300 1440 1337 646.
1457 1304 1585 1342 shy-mam
1603 1295 1710 1330 Heius,

395 1378 414 1400 e
426 1366 611 1399 melioribus
622 1363 704 1395 Pier.
717 1370 748 1394 et
763 1361 836 1398 suis,
857 1369 916 1402 pro
927 1355 1066 1399 vulgari,
1079 1357 1177 1395 firma
1187 1366 1197 1383 :
1221 1353 1309 1394 quod
1323 1354 1415 1383 Rom.
1426 1359 1542 1383 tuetur.
1578 1355 1709 1394 formam

393 1422 424 1453 ἱη
436 1422 579 1464 antiquam
595 1416 659 1459 Jul.
675 1413 747 1446 Sab.
762 1413 894 1455 legerat.
982 1408 1058 1446 648.
1076 1408 1179 1437 lumina
1196 1406 1300 1446 Sprot.
1353 1416 1356 1419 ·
1389 1404 1465 1446 649.
1486 1403 1562 1434 Tunc
1570 1400 1713 1435 Parrhas-
1728 1408 1731 1410 '

400 1473 485 1505 Hunc
497 1473 618 1514 septem
629 1470 739 1500 Burm.
757 1476 829 1497 curn
846 1462 945 1496 Goth.
957 1462 1015 1494 sec.
1104 1459 1176 1499 651.
1200 1461 1285 1489 crines
1305 1459 1402 1500 flavox
1431 1457 1513 1489 male
1540 1456 1712 1499 interpolaa

398 1531 469 1557 tum
485 1523 518 1554 in
536 1524 632 1553 Rom.
649 1518 758 1551 multis
774 1516 858 1549 Pier.
879 1514 991 1546 Heius.
1015 1514 1126 1544 Burm.
1154 1519 1184 1542 et
1211 1509 1294 1541 binis
1318 1509 1415 1540 Goth.
1433 1508 1499 1541 Erf.
1515 1509 1612 1540 etiam
1628 1516 1711 1541 vett.

399 1575 487 1613 edd„
508 1574 570 1606 slve
586 1584 623 1605 ex
639 1572 793 1613 scriptura
807 1570 898 1605 alvos,
920 1565 983 1598 five
999 1575 1039 1596 ex
1057 1564 1114 1596 lib.
1132 1563 1191 1601 IV,
1217 1561 1295 1601 558,
1321 1559 1382 1591 five
1398 1571 1435 1592 ex
1463 1560 1582 1592 incuria
1608 1560 1714 1591 horni-

399 1627 460 1664 nis,
483 1626 539 1667 qui
570 1622 730 1665 Apollinis
757 1620 859 1652 crines
880 1616 1013 1649 describi
1029 1613 1173 1657 putabat.
1218 1610 1369 1643 Heinsius
1399 1610 1483 1652 conj.
1513 1619 1596 1641 ravos
1626 1610 1717 1641 nullo

400 1678 520 1712 frudlu.
568 1675 643 1707 Post
651 1675 724 1704 albos
739 1671 847 1704 sustuli
860 1667 1153 1710 interpunffionem
1171 1663 1256 1695 haud
1275 1662 1369 1695 dubie
1385 1671 1517 1704 pravam
1534 1669 1565 1693 et
1581 1672 1651 1703 qua:
1664 1663 1716 1694 In-

401 1735 558 1771 terpretes
572 1723 764 1758 transversos
778 1722 856 1764 egit.
900 1718 1019 1761 Apollo
1049 1718 1082 1748 in
1104 1718 1208 1748 Buten
1236 1721 1378 1746 mutatus
1406 1712 1504 1745 etiam
1530 1713 1626 1745 armis
1641 1713 1669 1744 ei
1685 1712 1718 1744 se

404 1779 638 1814 affimulaverat
651 1787 659 1807 τ
671 1776 777 1818 ſsmilis
793 1780 817 1804 et
831 1774 918 1803 crines
933 1778 959 1801 et
973 1782 1054 1801 arma
1067 1782 1075 1805 ;
1114 1767 1200 1809 quod
1226 1765 1407 1808 adje&um:
1429 1766 1664 1807 saevafimribus
1680 1764 1715 1798 h.

403 1833 488 1865 saevo
501 1831 626 1866 sonore,
647 1823 834 1857 terribiliter
848 1820 1006 1857 sonantia,
1027 1818 1194 1861 epitheton
1216 1826 1383 1848 armorum
1411 1816 1502 1847 Butae
1528 1826 1644 1847 ornans
1657 1814 1716 1848 est.

405 1882 493 1916 Inter
508 1881 577 1913 haec
592 1886 700 1910 tamen
715 1875 807 1907 valde
823 1870 986 1916 probabile
1003 1870 1053 1909 fit,
1073 1869 1200 1901 versum
1225 1866 1378 1909 irrepsisse
1408 1877 1426 1897 e
1451 1867 1596 1909 margine
1624 1874 1656 1898 et
1677 1866 1719 1898 ad

406 1932 595 1977 Apollinem
610 1925 782 1970 speQaffe:
822 1925 864 1954 Et
884 1925 969 1955 crinis
984 1922 1057 1952 albos
1068 1928 1094 1951 et
1108 1922 1197 1961 saeva
1212 1918 1356 1960 sonoribus
1371 1925 1472 1956 arma;
1495 1927 1567 1959 quae
1582 1917 1622 1950 de
1637 1918 1721 1950 But:

409 1984 572 2032 quomodo
586 1980 748 2026 praecipuo
765 1977 872 2020 aliquo
887 1976 985 2007 modo
1002 1974 1161 2012 dicantur,
1181 1980 1247 2003 non
1260 1968 1462 2012 assequimur.

410 2082 504 2124 bella
529 2079 642 2119 finiat.
691 2087 791 2134 ger-tte
813 2072 1029 2126 Affizraciad
1095 2070 1247 2109 andrum
1278 2067 1419 2106 filium:
1454 2063 1587 2116 Qaere
1619 2063 1720 2102 aliud

410 2135 635 2188 splendorem
661 2127 834 2167 orationis
852 2124 1029 2176 pertinet:

412 2201 450 2227 v.
469 2187 546 2236 sup.
564 2183 611 2220 ad
625 2181 766 2230 Georg.
784 2178 858 2223 ΠΙ,
871 2190 933 2228 35.
946 2176 1032 2216 AEn·

411 2236 448 2283 I,
476 2241 563 2287 284.
631 2231 721 2270 bella
745 2235 827 2282 fato
859 2239 1032 2273 ventura3

413 2290 510 2330 bona
554 2282 824 2326 determinatio,
868 2279 1034 2331 inprimis

414 2340 572 2391 respeRu
586 2336 765 2373 bellorum
783 2331 966 2376 civilium,
992 2330 1038 2368 de

416 2392 548 2443 quibus
565 2386 721 2426 maxime
739 2383 968 2434 accipiendus
982 2383 1038 2419 lo-

416 2457 492 2483 cus,
547 2441 636 2490 644.
663 2438 735 2476 Nec
751 2447 782 2474 te
799 2435 906 2487 Troja
926 2440 1039 2484 capim

418 2495 553 2545 majore
560 2492 692 2529 virtute
704 2498 960 2538 ornatusquam
974 2497 1041 2537 pro

419 2556 495 2585 tam
526 2542 694 2581 tenuibus
729 2539 847 2582 rebus,
886 2537 933 2574 ad
955 2549 1044 2586 quas

419 2609 518 2636 nunc
536 2592 690 2644 Trojani
709 2590 841 2629 reda&
854 2589 947 2627 sunt.
967 2589 1042 2626 Ca-

415 2661 496 2700 pere
529 2660 603 2684 non
636 2643 840 2694 infrequens
869 2641 940 2678 hoc
965 2639 1042 2677 usu.

424 2700 568 2738 Laudat
591 2697 712 2734 Burm.
739 2703 839 2731 notas
865 2692 910 2729 ad
929 2690 1045 2729 Ovid.

426 2752 488 2791 m
514 2748 627 2788 Trist.
658 2760 683 2797 4
717 2759 765 2796 30
794 2756 832 2782 et
849 2743 971 2782 Barth.
1000 2741 1046 2779 ad

428 2804 524 2842 Stat.
554 2801 574 2838 Ι
607 2798 730 2837 Achil.
764 2809 850 2848 ¹5¹·
904 2794 1046 2832 Notum

429 2854 512 2895 satis
525 2853 573 2895 est
589 2851 681 2893 illud
695 2847 856 2902 Philippi
873 2846 919 2888 ad
937 2846 1052 2888 Alex·

1097 2134 1265 2173 regnum,
1309 2118 1496 2157 Μακεδονία
1529 2119 1598 2167 «γάρ
1624 2134 1662 2155 σε
1698 2119 1719 2155 ἦ

1098 2178 1214 2226 χωςεῒ.
1269 2172 1361 2224 645.
1392 2174 1563 2219 spirantes
1584 2184 1721 2217 auras.

1099 2227 1181 2265 Nec
1210 2224 1350 2269 vitales,
1375 2234 1459 2259 cum
1488 2219 1631 2263 Servio,
1656 2229 1724 2258 neo

1100 2278 1246 2321 odoras,
1273 2288 1358 2313 cum
1387 2273 1521 2318 Cerda,
1549 2272 1606 2310 sed
1635 2271 1723 2309 flan-

1101 2339 1167 2373 tes,
1192 2329 1335 2367 πνεὲςσας
1350 2327 1455 2376 aliem
1470 2324 1606 2374 accipe.
1635 2324 1725 2374 647·

1103 2381 1210 2418 Alius
1237 2387 1313 2416 erat
1342 2379 1459 2420 Butes,
1485 2388 1592 2426 quern
1618 2373 1723 2425 supra

1104 2428 1317 2471 memoravit
1332 2428 1401 2466 lib.
1417 2428 1469 2473 V,
1504 2435 1591 2477 372.
1644 2426 1726 2464 Ad-

1104 2482 1285 2522 umbravit
1319 2491 1436 2518 autem
1472 2477 1724 2529 Periphantem

1105 2535 1214 2573 Iliad.
1243 2551 1279 2583 ς,
1309 2544 1380 2582 3²3
1417 2531 1469 2581 sq.
1495 2532 1587 2580 (non
1605 2530 1727 2567 locum

1106 2582 1216 2625 Iliad.
1243 2602 1287 2628 «π,
1314 2597 1385 2635 7¹5
1414 2581 1502 2633 sq.).
1554 2581 1616 2618 An
1641 2592 1730 2618 vero
1778 2598 1780 2601 ·

1105 2638 1215 2676 etiam
1233 2635 1324 2675 illud
1340 2647 1386 2672 ex
1402 2635 1475 2671 vita
1493 2634 1641 2671 heroum
1660 2631 1725 2669 fitz

1098 2691 1252 2748 fidu-[qtae
1281 2689 1330 2725 ad
1344 2686 1460 2724 limina
1478 2688 1588 2736 custos,
1616 2692 1655 2720 ut
1672 2696 1729 2721 ar-

1110 2753 1240 2790 migeri
1282 2739 1511 2790 (θεςάποντες)
1549 2735 1661 2774 iidem
1693 2742 1730 2771 ct

1112 2791 1282 2829 satellites
1318 2791 1399 2833 sint,
1442 2787 1585 2826 dubito.
1640 2787 1730 2837 651.

1113 2844 1214 2893 Butae
1244 2841 1380 2883 similis>
1399 2840 1510 2882 etiam
1541 2837 1652 2881 canis,
1693 2844 1731 2874 et

1611 2887 1732 2934 armis,
