1847 3313
365 264 456 322 538
536 257 588 304 P.
642 256 1019 305 v1RG1L11
1088 259 1478 310 MARole

366 389 522 446 Aude,
546 401 687 452 atque
701 390 947 438 adversum
966 391 1113 438 fidens
1130 392 1197 438 fer
1219 394 1380 455 peetus
1404 395 1451 440 in
1471 394 1670 442 hostem.

365 480 572 537 Scilicet,
597 492 649 528 ut
674 481 837 528 Turno
860 482 1103 546 contingat
1126 484 1253 547 regia
1274 486 1498 550 conjurix,
1578 499 1667 549 371

365 571 484 627 Nos,
507 571 679 616 anirnae
703 570 832 627 viles,
856 570 1101 617 inhumata
1124 572 1374 636 infletaque
1397 576 1547 633 turba,

367 665 640 710 Sternamur
661 664 859 726 campis.
931 664 994 711 Et
1018 666 1122 729 jam
1147 677 1213 721 tu,
1237 666 1270 712 fi
1292 684 1385 730 qua
1408 669 1497 715 tibi
1522 669 1609 724 viS,

367 753 414 798 Si
441 751 581 815 patrii
604 751 720 814 quid
744 752 914 799 Martis
950 754 1108 812 habes,
1129 755 1267 801 illum
1288 754 1479 818 adspice
1498 766 1677 811 contra,

367 840 466 905 Qi
493 854 645 888 vocat.
1582 859 1673 909 375

433 934 632 982 Talibus
653 936 817 983 exarsit
839 937 975 983 diffis
998 937 1223 985 violentia
1248 939 1399 985 Turni
1419 957 1430 986 ε

367 1023 464 1069 Dat
485 1022 735 1085 gemitum,
768 1023 1044 1086 rumpitque
1067 1025 1148 1071 has
1171 1026 1271 1071 imo
1293 1025 1484 1086 pestore
1508 1039 1675 1071 voces:

368 1110 524 1173 Larga
548 1110 756 1173 quidem,
775 1111 979 1168 Drance,
1003 1111 1185 1174 semper
1205 1113 1296 1158 tibi
1320 1114 1458 1176 copia
1484 1114 1613 1161 fandi

369 1199 517 1256 Tum,
540 1214 651 1245 cum
675 1198 801 1244 bella
825 1215 989 1245 manus
1013 1199 1236 1261 poscunt3
1272 1203 1573 1267 patribusque
1593 1222 1681 1251 vo-

503 1288 508 1289 ⁷
562 1287 679 1334 catis
1586 1310 1680 1360 379

414 1448 489 1480 370.
512 1439 642 1483 avesfiaem
659 1440 759 1469 Rom.
795 1439 851 1482 fer
865 1439 960 1482 fidens
984 1441 1093 1471 Franc.
1130 1441 1186 1484 fir
1203 1445 1319 1484 peffora
1345 1444 1372 1474 in
1394 1445 1424 1474 h.
1446 1443 1527 1475 alter
1543 1444 1676 1477 Mentel.
1715 1435 1719 1438 .

369 1503 389 1522 a
404 1502 448 1522 m.
465 1499 495 1522 et
512 1493 591 1522 Exc.
616 1492 723 1521 Burin.
815 1500 887 1530 371.
911 1492 945 1522 Si
960 1491 1023 1522 licet
1038 1492 1175 1523 Dorvill.
1264 1503 1339 1532 372.
1361 1495 1458 1538 infleta
1480 1497 1681 1539 inhumataque

369 1543 430 1574 Ed.
446 1553 495 1584 pr.
516 1543 787 1581 Burni.—-—373.
810 1541 975 1572 Sternemur
989 1543 1137 1573 Donatus
1160 1551 1192 1573 et
1210 1544 1308 1574 Pierii
1324 1545 1497 1583 Mediceus,
1523 1553 1593 1576 tum
1608 1557 1681 1588 pars

370 1592 632 1629 Heinsianorum,
662 1602 735 1622 cum
762 1591 819 1622 Ed.
846 1602 895 1632 pr.
921 1592 1045 1631 Burni„
1068 1593 1120 1624 sed
1144 1594 1331 1626 vetustiores
1352 1606 1462 1627 omnes
1481 1604 1611 1628 tuentur
1637 1597 1679 1635 id,

370 1644 458 1687 quod
473 1643 546 1674 inde
563 1643 601 1674 ab
619 1642 694 1674 Ald.
715 1642 831 1680 editur,
846 1643 1024 1673 sternamur.
1069 1646 1156 1675 Tum
1172 1646 1271 1676 Etiam
1291 1655 1323 1677 tu
1347 1647 1469 1678 editum
1486 1655 1559 1678 ante
1575 1649 1680 1679 Hein-

369 1695 450 1727 fium
464 1711 470 1729 3
493 1694 595 1736 sicque
611 1693 737 1724 Servius
752 1693 840 1734 legit,
867 1700 899 1724 et
924 1693 1057 1734 explicat
1073 1697 1144 1733 Eia,
1169 1706 1244 1726 nam
1261 1696 1304 1727 est
1320 1697 1477 1729 hortantis
1492 1700 1680 1733 adverbium

367 1749 430 1780 hoc
446 1748 527 1779 loco.
574 1748 618 1778 Et
640 1755 670 1776 tu
687 1745 752 1786 jam
772 1745 831 1777 Ed.
861 1755 910 1787 pr.
939 1746 1049 1776 Burni.
1141 1757 1215 1788 374.
1240 1750 1354 1781 Martis
1378 1751 1449 1793 quid
1476 1751 1576 1782 Goth.
1601 1760 1680 1787 tert.

361 1801 452 1845 fialam
478 1799 587 1843 adspice
611 1797 758 1829 Waddel.
788 1798 937 1829 emendat
964 1799 1048 1839 apud
1073 1800 1348 1841 Burm.·—375.
1373 1803 1459 1846 Qid
1481 1817 1514 1835 v.
1541 1805 1627 1837 Gud,
1647 1814 1681 1838 et

369 1851 528 1884 Rottend.
561 1856 637 1880 tert.
662 1860 680 1879 a
700 1860 745 1880 m.
763 1859 812 1890 pr.
859 1848 991 1890 Supplet
1019 1849 1201 1885 Leidensis;
1223 1852 1358 1883 audacem
1373 1853 1464 1896 fhlum
1486 1863 1513 1885 te
1527 1857 1554 1886 in
1570 1858 1682 1898 pralia

370 1906 618 1942 dura.-—377.
641 1905 775 1945 rupitque
792 1901 932 1933 Parrhas.
962 1909 993 1932 et
1011 1902 1107 1933 Paris.
1137 1914 1210 1934 curn
1227 1904 1327 1934 Goth.
1352 1913 1426 1937 tert.
1474 1910 1524 1938 imo
1539 1920 1553 1938 e
1569 1914 1681 1950 peHore

370 1967 419 1999 pr.
438 1954 610 1986 Mente1.a
625 1964 668 1983 m.
686 1964 747 1994 pr.,
768 1960 883 1990 aut,ut
911 1955 1095 1983 Burmanno
1113 1954 1290 1992 videbatur,
1318 1957 1368 1986 imo
1383 1968 1401 1987 a
1418 1964 1453 1998 p.
1477 1960 1527 1987 imo
1548 1959 1583 1989 de
1599 1964 1677 2002 pefi,

369 2008 453 2038 alter
466 2005 597 2041 Famb„
615 2012 646 2034 at
663 2004 695 2034 in
712 2003 773 2034 sec.
792 2006 910 2036 Moret.
931 2004 1060 2034 deerant
1077 2015 1170 2035 voces
1185 2021 1191 2035 ι
1214 2007 1267 2036 has
1283 2008 1343 2038 imo.
1433 2007 1507 2046 378.
1532 2011 1633 2053 Longa
1649 2025 1679 2054 q.

373 2058 503 2090 Zulich.
519 2068 537 2088 a
554 2068 597 2087 m.
617 2056 675 2086 sec.
720 2057 838 2087 Drance
850 2057 970 2098 semper.
1015 2057 1104 2087 Ordo
1129 2068 1167 2088 ex
1190 2057 1280 2088 libris
1308 2058 1392 2089 Pier.
1419 2067 1452 2090 et
1476 2061 1585 2094 Heins.
1619 2074 1679 2105 pro

369 2109 643 2152 vulgarizſszmper
657 2109 794 2138 Drance.-
819 2118 914 2148 quem
942 2109 1037 2138 Rom.
1071 2115 1189 2139 tuetur.
1233 2111 1319 2140 Tum
1342 2111 1473 2142 Drances
1499 2113 1602 2144 Goth.
1629 2125 1678 2155 pr.

372 2159 502 2192 Zulich.
537 2166 567 2188 et
594 2157 658 2200 ipse
686 2158 817 2196 Medic.‚
846 2158 899 2189 sed
927 2158 970 2189 est
997 2157 1019 2189 ἶ,
1042 2160 1177 2202 Δςάγκη.
1269 2169 1342 2201 379.
1369 2162 1443 2192 ‘Tum
1469 2161 1508 2194 ab
1535 2165 1675 2198 Heinsio,

367 2213 477 2255 Vulgo
493 2221 501 2242 :
526 2211 615 2242 Tunc.

369 2324 490 2369 regia:
518 2316 639 2354 dotale
656 2330 820 2367 regnum.
877 2318 937 2355 Sic
957 2328 993 2354 et
1111 2320 1198 2370 376.
1235 2321 1297 2358 Ad
1332 2321 1439 2358 verba
1472 2336 1679 2376 comparant

370 2370 472 2407 alibi.
531 2381 618 2419 372.
647 2348 819 2419 Exopreffit
847 2371 994 2419 vulgare
1055 2370 1165 2409 Iliad.
1190 2390 1229 2416 a,
1253 2375 1339 2415 188,
1355 2383 1389 2410 et
1407 2373 1483 2424 sup.
1504 2375 1568 2414 lib.
1586 2377 1678 2424 VII,

373 2422 587 2459 Graecorum
616 2439 676 2466 ημε
681 2438 721 2465 ις,
734 2420 910 2458 &Sava-05
936 2439 992 2458 και
1057 2436 1149 2473 445,
1175 2433 1210 2460 et
1241 2424 1284 2459 ad
1307 2424 1356 2462 Vs.
1391 2427 1462 2475 378
1496 2426 1605 2466 Iliad.
1636 2432 1677 2474 β,

369 2475 537 2513 dminus-os
555 2490 569 2508 o
571 2482 680 2521 spos
710 2472 806 2521 quasi
822 2481 893 2509 tam
909 2472 995 2509 mles
1060 2477 1148 2524 796.
1177 2476 1358 2512 Caeterum
1390 2490 1429 2513 m
1460 2477 1526 2514 hac
1557 2481 1678 2520 Turni

370 2524 505 2568 habiti,
538 2534 577 2559 ut
605 2524 845 2574 projiciantur
862 2524 947 2560 vel
938 2537 995 2560 m-
1058 2526 1236 2571 oratione,
1271 2527 1386 2564 multo
1419 2529 1531 2567 etiam
1562 2533 1679 2582 magis

372 2575 515 2632 sepulti.
567 2574 697 2612 Minus
714 2575 804 2612 bene
827 2574 925 2612 Serv.
957 2584 993 2612 et
1058 2590 1166 2625 quam
1184 2577 1221 2614 in
1239 2579 1347 2615 altera
1368 2578 1537 2624 Drancis,
1558 2581 1676 2622 saeculi

372 2627 437 2663 alii
454 2626 568 2663 aliter.
610 2640 713 2684 374.
742 2625 899 2663 Martis:
930 2640 992 2676 pa·
1057 2627 1111 2664 sui
1144 2628 1291 2680 genium
1319 2630 1454 2667 artibus
1488 2632 1677 2672 rhetoricis

370 2678 449 2715 triae
491 2677 650 2715 virtutis.
719 2680 825 2727 aspice
868 2690 992 2716 contm.
1060 2678 1194 2716 imbuti
1211 2679 1409 2717 declaravit
1428 2681 1548 2722 Maro.
1590 2685 1673 2724 Nec

375 2729 617 2766 Homericum
651 2730 754 2771 dvm,
795 2731 915 2773 ἅντηνς
954 2739 993 2768 ut
1061 2731 1256 2788 quicquam
1287 2731 1325 2769 in
1361 2732 1516 2778 Graecis,
1560 2739 1674 2776 multo

371 2783 468 2821 ἄντην
485 2780 623 2820 εἷσιοέειν
642 2781 749 2820 Iliad.
769 2796 806 2824 τ,
829 2794 888 2832 15.
1059 2796 1176 2820 minus
1195 2796 1232 2820 m
1252 2782 1431 2828 Homero,
1457 2787 1603 2836 reperiri
1619 2803 1673 2827 ar

1542 2838 1671 2882 bitror
