1847 3313
481 214 894 273 AENEIDOS,
954 215 1103 263 LIB.
1153 214 1272 264 XII.

1422 216 1517 282 ⁶93

210 344 355 404 Suafi,
388 357 434 394 et
457 363 547 410 pro
569 346 667 394 vita
692 346 870 410 majora
891 346 1062 393 audere
1083 346 1278 409 probavi
1291 368 1306 400 3

208 434 323 482 Non
339 446 392 482 ut
409 434 503 483 tela
520 446 692 491 tamen,
709 451 806 483 non
820 446 872 482 ut
888 436 1193 482 contenderet
1208 449 1398 482 arcum:
1428 435 1477 480 81
1489 443 1515 496 5

206 523 394 588 Adjuro
417 524 566 587 Stygii
593 534 736 585 caput
759 523 1045 586 inplacabile
1069 524 1211 571 fontis
1232 543 1245 572 ε

208 611 321 664 Una
342 611 608 676 superstitio
625 611 800 675 superis
822 629 930 676 quae
954 613 1137 660 reddita
1160 613 1298 660 divis,

169 744 173 746 ,
205 696 273 746 Et
296 715 421 748 nunc
445 701 563 748 cedo
586 701 823 763 equidem,
848 701 1117 766 pugnasque
1134 700 1271 748 exosa
1284 701 1518 764 relinquO.

204 784 336 834 Illud
362 800 423 845 te,
447 787 576 834 nulla
601 786 682 833 fati
705 787 835 850 quod
859 787 963 854 lege
984 799 1182 844 tenetur,

205 873 301 928 Pro
326 874 465 925 Latio
488 874 707 931 obtestor,
730 892 818 939 pro
842 874 1079 939 majestate
1101 889 1323 926 tuorum:

1427 880 1518 924 820

208 965 336 1013 Cum
351 965 456 1030 jam
480 966 719 1013 connubls
743 983 913 1029 pacem
935 966 1167 1025 felicibus,
1191 969 1302 1026 est0,

207 1054 508 1119 Conponent‚
541 1072 653 1103 cum
669 1055 771 1120 jam
796 1056 922 1120 leges
941 1068 988 1102 et
1011 1057 1191 1103 foedera
1205 1056 1410 1120 jungent
1427 1080 1442 1111 3

202 1144 281 1197 Ne
305 1158 436 1193 vetus
459 1145 702 1208 indigenas
727 1161 899 1192 nomen
924 1157 1107 1198 mutare
1133 1145 1345 1205 Latinos,

202 1234 313 1283 Neu
337 1237 488 1282 Troas
512 1234 611 1281 fieri
629 1234 814 1298 jubeas,
850 1234 1152 1298 Teucrosque
1175 1236 1364 1290 vocari3

203 1325 304 1378 Aut
326 1341 496 1372 vocem
520 1336 701 1371 mutare
725 1323 864 1382 viros,
888 1335 969 1372 aut
993 1336 1172 1377 vertere
1197 1326 1352 1375 vestis.

248 1473 321 1515 815.
347 1485 379 1508 ut
394 1476 539 1519 estenderet
561 1473 614 1505 alii
637 1474 715 1505 olim
731 1485 783 1517 ap.
810 1475 897 1507 Serv.

1425 1329 1511 1392 825

990 1473 1064 1506 816.
1089 1475 1255 1519 implicabile
1272 1477 1363 1509 Leid.
1407 1481 1515 1510 intrac-

201 1526 288 1563 tabile
304 1527 464 1559 Montaib.
510 1527 665 1570 insatiabile
687 1526 987 1565 Zulich.—--817.
1026 1529 1111 1563 Vana
1139 1528 1300 1566 Parrhas„
1334 1540 1513 1571 perperam.

201 1577 286 1613 conf.
313 1579 391 1611 Not.
439 1578 547 1610 Aliter
573 1577 641 1620 sup.
668 1578 758 1616 Vlll‚
791 1577 1027 1618 187.-——-818.
1054 1590 1108 1620 que
1137 1577 1221 1609 abest
1237 1580 1374 1610 Dorvill.
1420 1582 1515 1624 exorsa

199 1630 262 1661 Ed.
280 1630 358 1662 Ald.
378 1638 451 1662 tert.

201 1692 220 1717 a
236 1691 279 1712 m.
295 1693 344 1724 pr.

201 1733 306 1766 Goth.
325 1740 399 1765 tert.
443 1735 515 1776 leges
531 1735 572 1765 ad
590 1734 672 1776 foed.
698 1744 746 1775 pr.
774 1733 928 1764 Rottend.

484 1783 558 1821 824.
583 1786 634 1815 Ne
650 1783 796 1815 Parrhas.
842 1786 933 1815 Nunc
948 1784 1034 1813 Serv.
1051 1783 1090 1813 ad
1103 1782 1157 1813 lib.
1177 1784 1201 1819 Ι,
1222 1783 1293 1820 148.
1332 1784 1514 1829 jubeasfieri

201 1783 303 1817 Goth.
320 1791 394 1816 tert.

545 1630 621 1671 819.
647 1631 721 1673 quod
736 1644 764 1662 n.
782 1631 818 1672 f.
837 1640 863 1661 te
879 1631 900 1662 l.
926 1630 1026 1661 Goth.
1041 1638 1116 1661 tert.
1161 1640 1288 1662 tenentur
1306 1632 1438 1663 Mentel.
1465 1644 1517 1674 pr.

437 1681 512 1714 821.
532 1683 688 1725 infelicibus
703 1681 998 1716 Vratiss.—-822.
1014 1684 1181 1724 Componant
1198 1682 1340 1714 Parrhus.
1373 1685 1517 1726 compone:

1022 1732 1096 1772 823.
1136 1735 1201 1764 Nec
1232 1734 1289 1764 Ed.
1324 1745 1374 1775 pr.
1401 1736 1513 1766 Burni.

200 1834 304 1868 Goth.
318 1833 557 1873 ωτι-825.
582 1834 683 1877 νυςβεηι
696 1834 814 1866 Medic.
834 1842 866 1865 et
878 1834 1032 1866 Rottend.
1051 1834 1108 1872 sec.
1132 1844 1166 1864 ac
1178 1841 1252 1866 tert.

198 1939 253 1978 tio
270 1941 317 1978 est
342 1941 418 1979 fere
434 1940 628 1991 pedestris:
667 1940 727 1977 sed
753 1941 820 1978 ob-

197 1991 313 2037 serva,
342 1993 530 2044 quomodo
557 2005 633 2030 eam
654 1994 712 2038 velj
736 1992 782 2029 fic
801 2006 822 2029 a

197 2044 345 2095 vulgari
379 2044 591 2090 deflexerit3
636 2056 719 2080 cum
756 2045 822 2081 esse

197 2096 371 2134 deberet:
419 2096 517 2133 Suafi
555 2095 733 2144 Juturnae,
783 2104 823 2132 ut

199 2157 288 2192 etc„
318 2147 418 2197 quod
437 2157 473 2185 et
498 2147 671 2187 Maerob.
700 2146 772 2189 VI,
802 2147 826 2183 6

197 2212 345 2243 monere
371 2199 504 2237 voluit.
561 2198 715 2236 Probavi
746 2211 827 2235 eam

199 2251 394 2287 audentem
436 2252 551 2299 majus
586 2249 725 2299 aliquid
761 2262 827 2299 pro

198 2301 275 2339 vita
305 2301 435 2341 fratris.
491 2302 536 2339 In
564 2301 620 2339 his
651 2314 692 2338 ac
728 2300 824 2337 fimi-

195 2353 294 2391 libus
337 2351 586 2405 Virgilianam
622 2351 826 2389 orationem

196 2404 418 2456 dignoscere
446 2403 547 2443 licet.
613 2406 701 2447 816.
739 2405 825 2454 817.

194 2456 268 2495 Res
284 2469 347 2507 per
367 2455 402 2493 se
414 2456 592 2493 notiffima
607 2468 616 2492 ε
645 2455 703 2492 sed
721 2467 825 2493 orna-

195 2518 274 2546 tum
293 2508 341 2545 est
357 2507 504 2557 egregie
522 2511 739 2558 caputfontis
754 2508 828 2557 Ssy-

195 2566 253 2610 gii
285 2572 352 2609 pro
382 2559 536 2608 simplici
565 2560 691 2609 Styge.
749 2560 829 2595 Una

179 2614 339 2662 supersi„
365 2610 402 2648 h.
433 2624 514 2662 quae
533 2611 690 2648 maxima
717 2609 825 2658 juris<

191 2662 341 2711 jurandi
362 2661 457 2698 inter
485 2663 571 2699 deos
597 2662 642 2698 est
662 2661 791 2710 religio
811 2674 820 2698 ε

139 2727 143 2735 ¹
190 2712 822 2763 jusjurandumsanffliffimum.Ma-

191 2765 226 2804 le
244 2774 429 2818 argutatur
447 2763 606 2809 Servius,
621 2774 655 2802 et
674 2777 757 2803 cum
774 2776 821 2807 eo

882 2363 946 2403 pro
984 2369 1028 2389 m.
1071 2365 1210 2391 luorum.

887 1939 964 1978 alii.
1012 1940 1071 1977 Est
1087 1940 1181 1978 enim
1200 1940 1296 1978 idem
1317 1955 1358 1980 ac
1371 1943 1395 1980 fi
1411 1942 1513 1992 Juno

887 1992 1040 2034 diceret,
1074 1991 1260 2042 obstringo
1280 2007 1337 2030 me
1373 1996 1514 2045 jureju-

889 2044 1001 2080 rando
1015 2042 1241 2081 sanctissimo.
1293 2048 1338 2094 est
1364 2048 1511 2092 reddita,

889 2108 956 2146 pro
990 2094 1081 2131 fafta
1116 2095 1178 2138 est,
1215 2095 1309 2132 nihil
1342 2098 1511 2147 amplius.

891 2148 1079 2196 Superstitio
1115 2159 1179 2195 pro
1215 2147 1390 2197 religione
1429 2149 1513 2188 satis

892 2197 1075 2247 frequens.
1111 2198 1172 2235 Sic
1190 2198 1262 2239 fere
1280 2198 1386 2237 Iliad.
1400 2218 1429 2245 o,
1447 2214 1511 2251 37.

894 2252 941 2299 38
970 2252 1020 2290 ὅςε
1037 2252 1171 2297 με’·γιςος
1195 2252 1313 2300 ’Ὀξκος
1331 2251 1513 2293 δεινότατός

891 2318 928 2344 τε,
945 2304 1034 2338 πέλει
1048 2306 1242 2352 μκκάςεσσι
1259 2301 1373 2341 θεοῖσι.
1419 2307 1511 2345 820.

1270 2354 1365 2392 Bene
1408 2356 1510 2395 Serv.

891 2410 917 2425 “
941 2404 1111 2455 Respexit
1131 2406 1177 2441 ad
1197 2406 1407 2451 Saturnum,
1446 2408 1511 2457 qui

891 2455 929 2492 in
943 2455 1047 2500 Italia
1055 2456 1272 2506 quandoque
1283 2469 1488 2508 regnaverat
1498 2476 1511 2504 3

892 2507 977 2543 inde
994 2507 1043 2543 ait
1062 2520 1190 2546 tuorum
1210 2523 1221 2552 3
1249 2521 1329 2544 nam
1349 2518 1383 2545 et
1410 2509 1513 2547 Lati-

891 2571 955 2594 nus
974 2559 1059 2595 inde
1073 2558 1251 2609 originem
1273 2559 1375 2596 ducit
1393 2573 1402 2597 :
1433 2561 1512 2612 supq

892 2609 985 2653 VH,
1004 2615 1066 2658 48.
1084 2610 1174 2658 49.”
1231 2614 1316 2649 822.
1332 2611 1417 2662 leges
1431 2612 1513 2650 sunt

888 2660 1032 2698 foederis
1046 2660 1289 2699 conditiones.
1345 2665 1431 2712 823.
1447 2664 1511 2704 Cf.

887 2713 932 2748 ad
961 2713 1034 2763 sqq.
1068 2714 1160 2749 Exc.
1185 2712 1242 2749 ΙΙΙ
1262 2712 1307 2749 ad
1326 2713 1425 2752 hunc
1444 2716 1513 2755 lib.

886 2762 980 2804 XII.
1036 2765 1176 2816 Argute
1200 2768 1313 2817 poeta
1331 2778 1404 2805 rem
1424 2766 1512 2805 faoi

1435 2831 1512 2867 Jam
