1847 3313
329 258 422 316 302
536 239 996 296 P.V1RG1L11
1047 237 1440 294 MARon·

328 379 525 428 Absenti
550 378 665 425 ferat
685 377 891 434 inferias,
926 376 1212 439 decoretque
1233 377 1467 441 sepulcro.
1549 382 1642 438 215

327 463 436 517 Neu
454 467 594 514 matri
620 464 799 512 miserae
818 464 937 510 tanti
961 463 1048 510 fim
1071 464 1224 511 caussa
1245 465 1448 512 doloris:

330 562 456 626 Qae
480 572 525 606 te
544 558 653 614 sola,
687 573 819 620 puer,
854 555 1019 603 multis
1043 572 1068 602 e
1091 556 1323 603 matribus
1342 557 1464 613 ausa,

328 650 639 714 Persequitur,
672 647 836 711 magni
859 663 945 694 nec
972 648 1152 694 moenia
1173 659 1308 694 curat
1331 647 1534 694 Acestae.-

329 743 420 803 llle
440 751 628 787 autem:
666 736 851 784 Cauffas
877 735 1198 799 nequidquam
1221 736 1366 783 nectis
1391 735 1563 792 inanis,

330 831 435 879 Nec
457 845 561 875 mea
576 827 680 892 jam
705 837 886 873 mutata
911 825 1017 871 loco
1041 823 1269 870 sententia
1292 821 1438 869 cedit.
1556 837 1649 873 220

331 967 405 994 rum
421 970 453 994 et
475 960 637 1003 pereuntis
651 959 683 990 in
699 958 781 989 mari
798 956 946 999 insepulti
964 955 1126 986 cadaveris
1142 955 1228 985 dieta
1252 955 1427 997 accipitur;
1461 965 1519 986 nec
1540 953 1649 985 dicens-

331 1014 421 1051 dum,
443 1013 503 1044 csse
514 1011 680 1054 epitheton
695 1017 783 1039 mere
796 1016 924 1043 ornans,
945 1006 977 1036 vi
1005 1004 1140 1047 oppositi
1163 1005 1272 1043 maris,
1293 1006 1345 1037 seu
1362 1006 1453 1043 aeris,
1477 1005 1531 1046 qui
1548 1015 1649 1040 rarus,

331 1067 457 1099 tenuis}
481 1066 593 1097 eodem
610 1062 718 1099 modo,
740 1071 803 1102 quo
819 1058 894 1101 ὑγραὶ
907 1057 1062 1089 θάλασσα.
1112 1059 1179 1088 Nec
1194 1058 1296 1100 magis
1300 1060 1387 1100 solita
1403 1060 1524 1089 Fortuna
1536 1057 1654 1099 placet,

329 1127 367 1150 ut
381 1118 507 1149 Servius
521 1114 618 1147 verba
629 1113 757 1156 jungit:
783 1111 837 1153 qui
863 1110 946 1141 unde
964 1109 1023 1139 hoc
1041 1108 1200 1147 habuerit,
1221 1109 1374 1152 praeclara
1391 1110 1482 1141 docet
1499 1116 1575 1139 nota
1590 1106 1651 1150 Ju-

331 1172 497 1213 liiPomp.
517 1168 644 1200 Sabini:
669 1171 688 1184 “
705 1166 896 1206 Apronianus,
919 1161 1034 1203 inquit,
1051 1162 1196 1204 ὀψίης-πῆ,
1218 1162 1348 1193 mandet
1363 1161 1483 1192 humo:
1507 1160 1556 1191 Vel
1571 1160 1648 1202 (leg.

332 1228 382 1265 ut)
395 1225 467 1253 dicas
484 1222 582 1252 hum'o
595 1218 697 1255 solita,
718 1219 748 1246 id
759 1216 794 1258 1st
806 1216 871 1255 quia
883 1216 998 1255 filitum
1014 1223 1074 1244 erat
1086 1215 1200 1243 humare
1219 1213 1347 1246 homines.
1395 1213 1459 1244 Alii
1482 1214 1591 1254 legunt:
1616 1212 1650 1243 id

330 1275 434 1312 solita,
455 1283 526 1314 pro,
552 1271 708 1312 idsolitnm.
757 1267 823 1296 Alii
848 1264 939 1295 solita
954 1264 1095 1302 fortuna,
1119 1263 1236 1294 scilicet
1266 1265 1388 1294 invidere
1410 1265 1516 1304 magnis
1539 1263 1651 1294 rebus.’'

333 1327 498 1358 caeterum
512 1321 696 1364 Aproniana
711 1317 808 1349 letffio
824 1324 951 1358 recepta
964 1315 1042 1347 olIm
1055 1315 1116 1346 fuit
1133 1326 1150 1345 a
1168 1314 1322 1356 pluribus.
1369 1315 1420 1345 Sic
1436 1313 1588 1355 distingui
1603 1314 1651 1345 vie

331 1377 392 1409 deo
409 1376 441 1406 in
458 1375 574 1415 fragm.
586 1371 691 1402 Vatic.
703 1377 746 1407 et,
767 1367 853 1410 quod
869 1366 1090 1408 expectabam,
1113 1366 1146 1396 in
1160 1366 1227 1407 ipso
1247 1365 1399 1397 Mediceo
1414 1376 1422 1396 :
1460 1366 1585 1396 Mandat
1598 1366 1653 1395 hu·

331 1440 394 1459 mo:
416 1427 502 1466 fhlila
517 1423 609 1465 autst
622 1434 675 1462 qua
691 1423 720 1450 id
733 1421 856 1460 fiarlumz
871 1418 985 1447 vetabit.
1033 1417 1270 1447 Revocaviluus
1289 1418 1369 1447 humo
1384 1418 1487 1458 solita,
1508 1415 1655 1452 sollenni§

332 1479 420 1521 quod
436 1475 530 1507 codd.
552 1481 583 1505 et
605 1471 726 1515 poetici
755 1471 826 1501 usus
842 1468 1066 1499 au&oritate1n
1082 1468 1268 1508 sensumque
1292 1467 1398 1499 habet.
1447 1467 1532 1498 Illud
1547 1467 1652 1500 adhuc

332 1529 530 1561 notandum:
558 1523 656 1555 Goth.
683 1529 756 1553 tert.
763 1518 880 1563 silitum
894 1519 1023 1550 habere.
1070 1519 1183 1549 vetabat
1198 1526 1264 1548 tres
1280 1519 1405 1556 Burm.,
1429 1526 1461 1549 et
1475 1529 1558 1549 unus
1571 1525 1652 1549 veta-

332 1584 389 1613 vit·
435 1578 536 1609 Goth,
551 1583 626 1608 tert,
639 1575 755 1616 negabit.
847 1570 919 1602 216.
946 1572 996 1601 Ne
1011 1582 1048 1600 m.
1064 1569 1237 1611 πλη-σαψ
1264 1570 1395 1600 tumultus
1427 1569 1532 1600 Schol.
1559 1569 1654 1602 Statii

333 1632 440 1665 Theb.
460 1632 516 1668 Ill,
539 1638 611 1669 373.
703 1633 775 1662 217.
801 1624 893 1653 multis
908 1636 926 1653 α
941 1636 978 1654 m.
1008 1623 1108 1654 Rom.
1153 1624 1245 1652 multis
1260 1635 1274 1652 e
1289 1623 1423 1652 matribus
1448 1635 1502 1652 una
1529 1622 1652 1664 aliquot

333 1686 419 1717 Pier.
464 1683 549 1713 tantis
577 1693 590 1710 e
617 1692 654 1711 m.
674 1677 758 1719 apud
775 1677 865 1705 Serv.
885 1673 925 1704 ad
942 1674 1004 1710 XI,
1025 1682 1077 1712 35.
1166 1672 1239 1704 218.
1265 1674 1445 1713 Persequilur
1468 1672 1538 1713 post
1565 1673 1653 1706 Pier.

332 1734 480 1769 Heinsius
496 1744 512 1763 e
524 1731 615 1763 codd.
631 1736 740 1761 tuetur
757 1738 765 1758 z
804 1726 885 1757 adde
896 1726 932 1756 iis
947 1725 1063 1766 fragm.
1076 1723 1181 1756 Vatic.
1225 1725 1271 1755 At
1283 1731 1364 1756 vett.
1379 1722 1450 1768 edd.
1465 1725 1653 1765 Prostquitun

334 1786 396 1818 Sed
405 1786 531 1828 persequi
545 1779 832 1824 perseverationem
848 1776 1006 1817 sequentis
1021 1782 1123 1806 notat.
1171 1774 1432 1817 rztagnae—Acastae
1445 1773 1536 1804 malit
1551 1777 1655 1818 Trap..

332 1839 405 1882 pius
419 1848 427 1868 :
464 1835 518 1867 sed
544 1845 657 1875 magnus
685 1830 820 1861 heroum
846 1828 1011 1869 epitheton
1040 1835 1210 1856 commune
1226 1835 1262 1856 ac
1279 1832 1651 1866 perpetuumu—³420.

334 1891 399 1922 Nec
410 1900 450 1918 nze
464 1889 608 1917 immutata
626 1883 743 1924 fragm.
756 1880 861 1911 Vatic.
874 1890 892 1910 a
903 1889 952 1921 pr.
971 1888 1017 1909 m.
1039 1879 1114 1918 fidit
1128 1876 1245 1909 vitium
1254 1886 1319 1907 non
1332 1875 1429 1906 modo
1439 1875 1489 1906 ed.
1502 1874 1658 1916 Masvic„

335 1947 372 1973 'ut
388 1940 498 1970 Burm.
515 1935 660 1979 putabat,
681 1933 735 1965 sed
751 1939 782 1963 et
800 1931 870 1962 Nic.
890 1930 1002 1961 Heins.
1021 1929 1071 1961 ed.
1647 1918 1651 1919 ⁷

336 2066 398 2087 ται
431 2049 446 2084 ὃ
474 2049 588 2098 mgis.
643 2058 729 2096 υς.
759 2043 898 2094 Absenti
913 2042 958 2079 de
1022 2044 1170 2092 poetam
1198 2038 1379 2090 Trojanos
1409 2037 1554 2076 voluisse
1584 2036 1656 2074 fine

336 2114 382 2139 eo
399 2100 556 2150 accipio,
585 2098 685 2147 cujus
721 2108 850 2145 corpus
886 2107 960 2131 non
1024 2106 1177 2130 uxorum
1210 2091 1388 2128 comitatu
1420 2091 1466 2127 ad
1508 2089 1653 2126 Italiam

335 2162 450 2196 extat,
469 2150 567 2201 quod
587 2147 725 2199 sepeliri
743 2147 866 2196 poflit3
895 2146 961 2182 ita-
1025 2145 1216 2181 adducere.
1281 2142 1417 2179 Mansit
1454 2142 1492 2178 in
1526 2140 1654 2178 Sicilia

336 2217 407 2253 que
424 2202 564 2240 inferiis
593 2212 629 2237 et
652 2197 868 2247 cenotaphio
899 2198 960 2234 de·
1026 2196 1148 2233 senum
1183 2205 1218 2231 et
1254 2194 1480 2230 infirmorum
1514 2190 1657 2229 inutilis

336 2254 562 2303 fungendum
589 2253 649 2289 est.
718 2250 774 2286 Ita
809 2248 963 2285 debebat
1027 2247 1156 2284 turba:
1192 2245 1240 2283 cf.
1256 2245 1322 2283 lib.
1337 2245 1480 2295 V,715
1498 2243 1652 2295 sq.767·

338 2307 462 2344 Cerda
515 2306 680 2355 accipere
728 2301 962 2339 Pindaricum
1029 2298 1128 2335 Inter
1164 2299 1342 2348 longaevas
1374 2296 1497 2345 itaque
1523 2304 1657 2332 matro-

338 2360 486 2407 ἄφαντος
501 2355 565 2394 Ol.
591 2367 700 2405 1³7²·
756 2365 843 2403 217.
872 2353 963 2401 Qcae
1029 2364 1092 2387 nas
1124 2349 1196 2387 sola
1233 2347 1383 2397 Euryali
1419 2355 1535 2383 mater
1567 2345 1655 2390 fuit,

338 2410 462 2460 tesola.
517 2406 722 2444 Difficultas
739 2404 799 2441 hie
828 2403 964 2440 moveri
1031 2414 1110 2450 quae
1133 2401 1171 2437 in
1207 2399 1335 2437 Sicilia
1367 2409 1509 2436 manere
1527 2397 1654 2435 nollet.

338 2462 467 2512 potest,
493 2459 516 2496 S
544 2458 641 2496 encii
659 2456 836 2506 exemplo,
865 2454 965 2504 quod
1032 2452 1193 2490 Similem
1205 2451 1455 2488 difficultatem
1470 2458 1655 2485 moverant

336 2513 405 2551 inf.
425 2512 492 2549 lib.
554 2510 588 2554 I,
607 2523 652 2560 35
666 2520 742 2545 tota
757 2506 862 2544 turba
879 2504 964 2542 Ilia-
1029 2514 1163 2541 veteres
1174 2502 1298 2553 Intpp.
1313 2502 1360 2538 ad
1377 2515 1412 2546 v„
1440 2513 1452 2538 1
1489 2513 1508 2536 z
1522 2509 1653 2549 patres.

337 2578 459 2602 carum
473 2572 716 2599 matronarum
732 2567 964 2601 memoratur,
1029 2555 1107 2593 vid.
1141 2554 1317 2605 Pompon.
1349 2562 1385 2589 et
1410 2515 1483 2589 inf?
1509 2551 1556 2587 ad
1582 2550 1652 2588 lib.

337 2629 418 2666 quae
436 2614 580 2651 Italiam
605 2612 706 2649 adire
731 2623 803 2646 non
822 2607 965 2658 refuge-
1031 2606 1104 2649 XI,
1135 2620 1195 2657 35.
1260 2611 1384 2643 moem'a
1417 2605 1554 2652 Aastae,
1591 2601 1656 2639 Se-

339 2668 403 2710 rit,
428 2667 467 2702 h.
498 2666 525 2702 1.
561 2677 684 2701 omnes
716 2661 890 2698 dicuntur
925 2658 963 2696 in
1027 2659 1159 2708 gestam
1173 2657 1309 2694 urbem.
1341 2655 1417 2692 vid.
1431 2655 1499 2692 lib.
1512 2653 1651 2704 V‚755

341 2718 470 2756 Sicilia
505 2715 697 2753 remansisse
729 2722 855 2763 praeter
889 2709 964 2746 Eu-
1028 2709 1107 2760 sqq.
1162 2705 1654 2757 219.net‘liscauffizsdu&um

341 2769 434 2819 ryali
467 2777 651 2805 matrem.-
699 2765 768 2802 Sed
801 2775 865 2799 nec
893 2762 963 2798 hoc
1028 2762 1075 2796 est
1091 2773 1150 2804 eo,
1177 2759 1272 2809 quod
1309 2768 1500 2809 praetexere
1520 2755 1653 2792 caussas

342 2820 532 2874 quisquam
560 2819 600 2858 in
619 2817 780 2857 animum
798 2814 964 2860 inducet,
1029 2811 1160 2863 aliquis
1176 2810 1312 2848 dicitur
1329 2825 1341 2857 5
1365 2819 1403 2848 et
1422 2821 1496 2849 220
1513 2816 1654 2849 ornate,

1237 2874 1258 2913 5·
1585 2869 1656 2909 Pro
