1847 3313
413 309 475 356 74

409 421 599 469 Alleeffl
624 422 673 469 in
699 423 906 469 Teucros
932 421 1106 485 Stygiis
1131 421 1176 467 se
1200 422 1411 468 concitat
1435 420 1553 474 alis;

606 291 660 339 P.
704 289 1081 339 VIRGILII
1133 288 1528 338 MARONIS

1627 419 1724 483 475

409 512 528 558 Arte
552 528 673 558 nova
699 511 933 574 speculata
957 511 1131 567 locum,
1154 527 1248 573 quo
1271 511 1407 558 litore
1430 510 1631 574 pulcher

409 601 595 649 Insidiis
621 602 852 665 cursuque
878 602 994 648 feras
1016 600 1227 664 agitabat
1253 601 1400 649 Iulus,

408 692 510 741 Hic
536 694 739 741 subitam
766 692 961 739 canibus
988 691 1168 738 rabiem
1196 691 1393 752 Cocytia
1417 690 1556 755 virgo

407 787 610 851 Objicit,
634 797 681 832 et
704 797 816 831 noto
840 783 962 830 naris
987 782 1224 846 contingit
1249 780 1408 836 odore,

1625 785 1726 840 4530

407 875 480 923 Ut
504 892 699 923 cervum
720 875 934 921 ardentes
950 882 1166 935 agerent:
1202 884 1309 931 quae
1328 867 1484 929 prima
1506 867 1723 916 laborum

408 966 574 1014 Cauffa
598 963 701 1020 fuit,
725 963 942 1024 belloque
967 961 1148 1006 animos
1172 957 1394 1005 adcendit
1416 957 1622 1020 agrestis.

408 1058 589 1105 Cervus
612 1067 708 1102 erat
732 1053 883 1100 forma
907 1051 1147 1114 praestanti
1172 1062 1218 1096 et
1240 1048 1464 1095 cornibus
1489 1048 1671 1112 ingens,

448 1219 522 1250 477.
546 1222 604 1253 qua
631 1208 766 1240 Oudart.
782 1217 841 1249 pro
866 1217 933 1238 var.
958 1205 1032 1237 leet.
1081 1206 1167 1236 Bene
1193 1201 1443 1234 Holdsworthus
1459 1200 1644 1232 observabat
1660 1209 1725 1232 arte

408 1273 484 1293 nova
503 1272 586 1292 nova
602 1271 666 1291 non
684 1259 763 1290 bene
784 1258 875 1300 jungi
890 1256 1116 1301 cumspeculata
1133 1255 1258 1293 loeum3
1282 1264 1356 1284 nam
1374 1253 1406 1283 in
1424 1253 1496 1291 hoc,
1515 1252 1602 1294 quod
1615 1252 1722 1283 locum

402 1311 632 1353 speculabatur,
659 1321 708 1340 ars
733 1309 866 1339 Alexstus
890 1307 1023 1349 spe&ari
1052 1317 1115 1336 non
1133 1305 1249 1347 potuit.
1294 1305 1403 1345 Itaque
1422 1303 1609 1344 interpungi
1626 1302 1722 1333 vult:

394 1365 429 1409 fi
445 1365 561 1395 concitat
576 1363 627 1392 alis
645 1362 721 1393 Arte
737 1360 876 1402 nova,sp.
895 1360 916 1390 l.
955 1358 1013 1388 Sed
1026 1367 1090 1387 non
1107 1356 1210 1397 magis
1223 1357 1284 1388 Ars
1302 1367 1376 1385 nova
1393 1354 1433 1385 ad
1452 1354 1597 1385 volatum
1613 1351 1727 1383 referri

403 1414 519 1458 potest.
565 1412 683 1443 Saltem
711 1413 785 1443 Arte
807 1410 1030 1442 nova—rabiem
1057 1407 1170 1449 objicit:
1194 1407 1246 1438 sed
1263 1417 1334 1437 cum
1354 1406 1413 1436 alia
1430 1404 1598 1446 interjeista
1614 1403 1726 1440 essent,

403 1475 436 1495 v.
462 1473 524 1505 479
549 1465 604 1494 Hic
619 1463 792 1492 interserit.
840 1462 946 1491 Locus
972 1469 1080 1490 autem
1104 1457 1143 1488 fic
1170 1457 1430 1497 distinguendus:
1459 1457 1538 1486 Dum
1564 1455 1724 1485 ‘Turnus—

393 1518 428 1561 [ε
455 1528 479 1546 c.
512 1512 575 1544 alis.
622 1514 697 1544 Arte
722 1522 809 1547 mvn,
827 1510 1017 1554 spe—Iulus,
1042 1511 1099 1540 Hic
1127 1507 1306 1550 s-Objz‘sit
1336 1514 1394 1536 etc.
1426 1507 1473 1535 At
1503 1515 1531 1534 v.
1559 1505 1725 1534 Not.-—--

403 1566 479 1607 478.
504 1566 584 1608 utfas
608 1574 667 1606 pro
687 1564 773 1606 feras
801 1562 901 1592 Goth.
931 1568 1168 1601 te1·t.——--479.
1193 1561 1324 1595 Cor-irim,
1344 1560 1467 1589 Cocitina
1483 1556 1634 1588 aberratt.

404 1618 481 1655 481.
503 1619 612 1659 agitent
628 1616 712 1647 Ven.
761 1616 810 1657 qui
828 1615 938 1645 anc.
966 1621 996 1644 et
1013 1623 1072 1654 pro
1088 1622 1155 1643 var.
1176 1611 1248 1642 leel.
1275 1621 1322 1652 pr.
1343 1609 1464 1640 Hamb.
1509 1607 1633 1639 laborum
1651 1618 1724 1638 cum.

403 1668 591 1700 melioribus
617 1665 724 1696 Heins.
747 1665 818 1707 post
836 1665 919 1695 Pier.
964 1666 1008 1694 At
1026 1662 1137 1704 vulgO,
1157 1663 1304 1698 malorum,
1319 1672 1355 1691 ex
1372 1660 1469 1701 intpr.

1562 1658 1636 1695 482.
1660 1660 1725 1689 ani-

402 1732 462 1751 mas
493 1728 544 1760 pr.
572 1716 728 1748 Rottend.
777 1716 896 1746 incendit
924 1724 973 1755 pr.
1001 1716 1130 1754 Menug.
1155 1713 1293 1744 concendit
1320 1709 1592 1752 Bigot.--—483.
1614 1710 1724 1752 formae

399 1773 549 1818 praflanti
565 1770 697 1812 Hugen.
714 1775 745 1800 et
762 1779 814 1810 pr.
838 1766 994 1799 Rottend.
1008 1767 1118 1810 formae
1135 1766 1277 1810 praestans
1302 1764 1407 1806 Bigot.
1425 1773 1458 1795 v.
1477 1763 1558 1794 AEn.
1576 1764 1602 1802 Ι,
1627 1771 1680 1803 71.

405 1903 580 1953 Exempla
606 1916 640 1939 v,
670 1915 727 1951 ap.
764 1899 939 1941 Cerdarn,
972 1897 1031 1935 sed

399 1955 584 2005 judicium
604 1953 750 1996 adhibe,
770 1951 823 1988 uti
841 1951 936 2001 apud
950 1949 1033 1986 illos

404 2019 565 2056 quoque,
610 2018 672 2055 qul
716 2016 862 2052 magnas
914 2014 1032 2038 rerum

406 2058 652 2095 converfiones
670 2069 690 2091 a
704 2055 819 2105 parvis
835 2054 955 2091 causfis
968 2066 1034 2089 nu-

404 2122 468 2160 per
486 2108 617 2146 libellis
636 2107 705 2144 suis
721 2104 923 2156 persequuti
940 2104 1034 2142 sunt.

458 2163 675 2212 475—-483-
699 2163 817 2196 animis
843 2173 879 2194 α.
906 2156 1030 2206 implet.

406 2211 663 2250 Homericum.
731 2209 863 2259 ἓτάςσες
906 2213 1031 2247 vra->im

406 2268 536 2313 φξένκς,
578 2273 616 2299 ut
651 2261 756 2299 Iliad.
798 2279 831 2310 ξ,
864 2271 951 2310 573.
979 2258 1030 2296 Cf.

405 2316 532 2353 Guell.
605 2313 708 2350 Facit
747 2325 841 2350 nunc
884 2310 1030 2353 ΑΙεξὶ-ο,

405 2367 506 2419 quod
536 2365 615 2403 Eris
644 2364 843 2402 Homerica
860 2361 967 2399 Iliad.
996 2361 1029 2404 δ,

405 2432 485 2469 444
518 2423 610 2457 νεῖκος
645 2418 764 2463 ὁμοίϊον
794 2417 923 2462 ἔμβαλε
957 2421 1029 2450 etc.

405 2482 481 2508 arte
510 2485 615 2514 nova,
648 2468 718 2506 alia
749 2467 889 2505 fraude.
941 2467 1031 2515 480.

404 2529 513 2572 prima
524 2521 673 2559 laborum
685 2522 891 2570 cazfftficit.
920 2516 1033 2552 Com-

405 2583 533 2624 parant
561 2573 669 2610 Iliad.
701 2590 730 2616 z,
759 2574 820 2619 63.
852 2587 899 2620 χ,
935 2567 1030 2610 1163

405 2626 453 2662 est
484 2625 642 2676 primum
672 2622 819 2659 initium
847 2617 1031 2658 calamita-

406 2686 482 2714 tum
492 2706 500 2719 ‚
512 2689 592 2726 quae
610 2673 805 2724 insequutae
822 2671 915 2710 sunt.

458 2730 531 2778 483
561 2727 641 2777 sqq.
668 2725 802 2762 Molles
827 2733 863 2760 et
889 2720 1032 2760 bucoli-

406 2780 459 2816 cis
486 2779 669 2829 propiores
698 2775 815 2813 versus
843 2775 939 2818 sunt,
968 2772 1032 2822 qui

406 2830 614 2880 sequuntur,
633 2829 731 2879 quod
748 2828 928 2877 eleganter
953 2837 1030 2861 mo-

405 2882 487 2923 nuit
506 2881 691 2933 SpeneiuS.
731 2878 870 2918 Similes
886 2875 1032 2916 deliciae

1095 1895 1275 1947 Cypariffi
1315 1907 1439 1931 cervus
1473 1889 1569 1942 apud
1605 1890 1726 1931 ovid.

1096 1948 1191 1986 Met.
1224 1948 1278 1989 X,
1312 1958 1381 1995 109
1407 1945 1485 1994 sqq.
1513 1952 1725 1987 occurrunt,

1095 1999 1156 2036 sed
1189 1997 1345 2049 juvenili
1380 1994 1551 2033 carminis
1582 1994 1727 2030 luxuria

1097 2051 1279 2101 expolitae.
1347 2046 1538 2098 Calpurnii
1580 2057 1728 2095 quoque

1097 2101 1340 2139 imitationem
1356 2097 1494 2137 notavit
1507 2098 1628 2135 Cerda
1644 2096 1726 2136 Ecl.

1096 2153 1168 2197 VI,
1199 2167 1243 2203 33
1265 2152 1321 2202 sq.
1339 2160 1373 2187 et
1405 2149 1510 2187 Statii
1538 2150 1658 2186 locum
1678 2148 1725 2186 de

1095 2204 1255 2255 tigribus
1297 2201 1430 2240 Bacchi
1477 2199 1726 2238 mansuefaffls

1094 2266 1276 2306 comparat
1322 2253 1460 2302 (Theb.
1507 2250 1599 2296 VII,
1651 2251 1727 2301 564

1094 2308 1204 2358 sqq).
1249 2307 1306 2344 De
1338 2305 1375 2344 id
1404 2318 1515 2355 genus
1533 2302 1726 2340 animanti-

1095 2358 1161 2396 bus
1179 2359 1230 2398 cf.
1248 2358 1344 2395 viros
1362 2357 1485 2394 doeios
1504 2355 1549 2391 ad
1569 2353 1725 2396 Lucian.

1095 2407 1607 2512 {53222252‚051¹2‚d'15311¹113e1
1617 2403 1728 2495 Ἦῖἶ

1099 2511 1183 2550 Fuit
1201 2520 1319 2550 autem
1339 2523 1470 2548 nomen
1488 2510 1557 2546 hoc
1584 2508 1622 2545 in
1652 2507 1726 2545 his-

1098 2563 1190 2601 toria
1223 2563 1451 2600 Albanorum
1491 2573 1618 2611 regum
1649 2572 1724 2596 non

1093 2615 1270 2666 ignobile.
1323 2612 1490 2663 Tyrrhus
1522 2612 1618 2649 enim
1647 2619 1725 2650 erat

1093 2666 1187 2717 regii
1221 2665 1376 2704 armenti
1408 2663 1590 2713 magister,
1624 2660 1724 2707 apud

1095 2731 1203 2769 quem
1236 2716 1390 2755 Lavinia
1426 2714 1583 2753 Silviam
1612 2711 1723 2749 enixa

1094 2771 1170 2808 est:
1199 2783 1232 2806 v.
1262 2768 1393 2805 Viclor
1422 2769 1472 2804 Ο.
1501 2765 1553 2803 G.
1582 2765 1631 2802 R.
1663 2764 1723 2802 16.

1096 2821 1146 2858 cf.
1176 2820 1273 2858 Serv.
1301 2820 1348 2856 ad
1376 2818 1448 2862 VI,
1476 2818 1552 2869 760
1576 2827 1725 2864 compat·

1096 2882 1177 2910 rato
1215 2870 1370 2922 Dionys.
1399 2870 1432 2914 Ι,
1460 2883 1524 2921 70,
1556 2866 1619 2907 ubi
1639 2869 1725 2930 Πυῇ-

1636 2934 1722 2970 firmos
