1847 3313
342 248 756 325 AENE1Dos,
805 245 957 296 ΜΒ.
1013 243 1104 295 lx.
1289 254 1381 306 ³51

85 393 157 441 Sit
177 391 299 448 satis,
336 387 563 442 AEneada‚
595 384 698 432 telis
722 384 897 446 inpune
919 380 1203 428 Numanum

86 478 349 545 Oppetiiffe
366 478 481 524 tuis:
519 474 732 521 Primam
751 473 871 518 hanc
888 470 977 518 tibi
995 486 1194 534 magnus
1210 468 1391 534 Apollo

87 569 321 618 Concedit
340 566 547 623 laudem,
580 577 627 611 et
649 562 840 627 paribus
864 577 957 608 non
981 560 1165 609 invidet
1186 561 1346 612 armis.

31 708 33 711 Α
88 660 253 708 Cetera
269 675 426 722 parce,
460 674 592 721 puer,
625 655 768 703 bello,
841 654 917 702 Sic
941 652 1069 700 orsus
1086 652 1265 715 Apollo

87 749 310 796 Mortalis
334 747 496 795 medio
513 745 756 809 adspectus
780 742 991 790 sermone
1013 742 1223 804 reliquit,

87 839 153 889 Et
175 839 338 903 procul
363 839 410 885 in
435 849 626 884 tenuem
650 852 707 882 ex
727 835 879 882 oculis
904 834 1094 880 evanuit
1115 850 1295 882 auram.

87 930 372 993 Adgnovere
396 926 540 972 deum
560 939 776 988 proceres
800 923 1053 985 divinaque
1076 923 1167 969 tela

1302 921 1394 986 659

88 1018 392 1074 Dardanidae,
424 1017 789 1080 pharetramque
808 1013 920 1076 fuga
936 1012 1114 1060 sensere
1136 1013 1393 1064 sonantem,

87 1110 220 1172 Ergo
242 1107 436 1154 avidum
459 1121 650 1169 pugnae,
684 1103 822 1150 dietis
846 1118 899 1148 ac
920 1103 1118 1151 numine
1141 1102 1334 1163 Phoebi,

88 1198 347 1247 Ascanium
368 1196 648 1260 prohibent:
684 1193 771 1257 ipfi
792 1192 839 1239 in
864 1194 1121 1241 certamina
1144 1195 1301 1244 rursus

132 1329 209 1370 653.
235 1330 356 1360 AEneid.»
369 1327 486 1370 ubique
503 1327 535 1357 in
552 1326 626 1358 edd.
641 1325 760 1358 editur.
805 1325 964 1367 Agnoscit
979 1333 1009 1357 et
1027 1325 1161 1360 Probus.
1208 1327 1315 1359 AEnia'e
1331 1327 1404 1361 Me.

89 1381 152 1414 dic.
170 1391 243 1412 cum
258 1380 328 1411 aliis
342 1379 451 1410 Heius.
467 1385 499 1408 et
514 1378 616 1414 Pier.,
637 1377 734 1407 etiam
751 1383 829 1406 vett.
850 1376 922 1407 edd.
969 1377 1035 1407 Alii
1052 1377 1198 1409 aberrant
1214 1378 1247 1410 in
1264 1381 1404 1421 AEneidae„

92 1434 225 1470 AEm'dae,
247 1441 281 1461 ac
308 1429 330 1461 fi
358 1430 492 1459 AEneidae
520 1429 579 1458 telis
601 1426 714 1468 june‘ta
735 1424 864 1456 vellent.
915 1426 1077 1458 Neutrum
1107 1435 1215 1459 tamen
1245 1430 1406 1463 rationem

89 1483 336 1527 grammaticam
352 1480 448 1512 habet
462 1490 471 1510 ε
495 1479 580 1511 unde
591 1477 675 1509 enim
687 1476 804 1510 Αἰνιίδκς
822 1475 873 1507 vel
888 1475 1005 1511 Αἷνεῒδης
1020 1470 1031 1508 ῗ
1075 1478 1216 1510 Deberet
1231 1479 1292 1512 esse
1303 1481 1410 1520 Αἷνεῦς,

91 1535 179 1579 quod
193 1534 348 1575 nusquam
363 1531 509 1562 occurrit.
556 1530 603 1560 Ex
619 1528 724 1562 Αἰνείας
742 1527 815 1559 effer
841 1527 978 1562 Αἶνειίδης.
1022 1529 1075 1559 Sin
1099 1540 1136 1561 ex
1158 1531 1265 1566 Αἰνείας
1288 1531 1408 1564 formes

91 1588 212 1625 Λῖνιίΐος,
234 1584 347 1622 Αἷνῆὶος,
368 1583 452 1614 unde
479 1581 581 1620 Αἰνηῒς,
604 1580 811 1612 formandum
835 1579 910 1610 hinc
925 1579 1000 1611 esset
1016 1580 1151 1620 Αἷνηΐδης,
1171 1582 1327 1618 Αἰνκῖαὲδης.
1372 1583 1407 1616 si

93 1638 132 1670 ab
155 1638 216 1669 hoc
245 1636 378 1667 ducatur
395 1635 538 1671 „Em-ides,
559 1632 613 1664 vix
638 1645 652 1662 e
678 1641 716 1662 ex
739 1644 756 1663 n
783 1637 894 1661 natum
919 1631 1037 1674 corripi
1063 1632 1175 1674 posset.
1221 1635 1344 1673 Restat,
1368 1642 1405 1672 ut

94 1689 235 1721 AEneades
248 1684 466 1722 admittamns,
486 1683 570 1714 unde
586 1682 619 1714 h.
648 1681 669 1713 1.
700 1682 840 1718 AEneade,
860 1680 912 1712 vel
938 1681 978 1713 ad
1004 1681 1153 1721 formam,
1177 1695 1273 1726 quam
1299 1685 1406 1717 noster

92 1746 181 1771 amat
196 1736 275 1780 (vid.
297 1734 336 1766 ad
351 1735 413 1772 vl,
437 1733 522 1776 126),
546 1734 688 1763 AEneada.
733 1730 787 1762 Est
814 1741 941 1773 quoque
973 1733 1101 1762 AEneade
1132 1735 1295 1772 (AEneadae
1320 1735 1406 1778 apud

94 1788 288 1829 Bottarium)
301 1787 397 1816 Rom.
408 1783 431 1815 «ἶ
441 1783 569 1820 Λὲνεεὶδη,
590 1793 660 1824 quae
673 1781 820 1814 sollennis
829 1781 932 1813 forma
947 1783 999 1814 est.
1036 1784 1150 1821 Αἰνείας,
1166 1785 1274 1825 Αἰνέας,
1297 1785 1410 1818 Almi-

93 1842 151 1879 3915,
173 1837 322 1876 Αἷμεοίδηςς
344 1836 427 1868 unde
443 1836 524 1878 saepe
541 1836 573 1866 in
597 1834 703 1866 nostro
721 1836 871 1866 AEnmdae.
896 1846 927 1866 v.
944 1835 984 1865 ad
1001 1835 1027 1872 Ι,
1054 1844 1090 1875 15
1100 1845 1128 1874 7.
1175 1838 1410 1880 Frequentatur

94 1894 194 1926 etiam
208 1900 270 1921 vox
285 1886 423 1919 Αἰνειόδαι
438 1887 598 1924 Cedreno,
622 1887 760 1916 Zonarae
779 1892 810 1917 et
826 1886 905 1917 aliis.
949 1886 1043 1916 Hanc
1068 1886 1164 1918 etiam
1186 1887 1219 1920 h.
1238 1888 1260 1920 1.
1282 1889 1410 1929 tuebor,

94 1943 262 1977 remittens
272 1939 393 1980 reliqua
407 1937 612 1968 librariorum
634 1944 666 1968 et
689 1937 976 1978 grammaticorum
996 1936 1048 1968 seu
1075 1938 1245 1980 imperitiae
1261 1939 1409 1973 seu⁴acu0

96 1991 350 2031 mini.—-654.
362 1989 421 2034 fids
433 1999 480 2031 pr.
493 1989 649 2021 Rottend.
690 1989 820 2019 Primum
837 1988 886 2020 ed.
901 1989 991 2031 Junt.
1037 1990 1141 2020 Prima
1154 1992 1325 2021 hac—laude
1336 1992 1407 2026 Hu.

97 2057 170 2090 gen·
261 2042 335 2081 655.
360 2053 405 2070 nec
420 2041 536 2082 paribus
556 2044 619 2072 inv.
635 2053 664 2070 α.
689 2040 740 2070 ed.
767 2041 848 2071 Ven.
941 2039 1016 2080 657.
1042 2041 1088 2070 Sic
1103 2053 1127 2071 o.
1144 2041 1240 2083 Apollo
1255 2043 1412 2080 Mortalis,

97 2113 136 2131 m.
153 2095 275 2128 Donati
289 2092 385 2125 lediio
399 2103 450 2134 ap.
461 2091 584 2124 Fabric.
628 2093 753 2133 adspeHu
777 2091 836 2123 see.
865 2095 985 2124 Moret.
1028 2093 1104 2133 vfies
1130 2094 1216 2125 Gud.
1248 2104 1308 2136 pro
1338 2104 1408 2126 varv

97 2151 172 2186 ledi.
187 2159 225 2181 ex
241 2147 294 2179 lib.
308 2148 366 2185 IV,
391 2144 462 2184 276.
553 2144 626 2176 660.
649 2151 783 2176 tonantem
798 2145 862 2176 duo
889 2146 998 2177 Burni.
1028 2153 1059 2176 et
1074 2146 1142 2179 Erf.
1235 2147 1310 2181 662.
1331 2150 1371 2180 ad
1380 2161 1407 2186 c,

97 2205 183 2244 Reg,
225 2212 259 2230 cet
269 2199 369 2228 rumine
382 2195 545 2228 Montalb.
564 2203 595 2227 et
612 2195 718 2238 Bigot.
761 2208 787 2229 ε.
804 2197 895 2238 cutjfies
910 2197 1041 2240 Hugen.

49 2323 51 2325 “
101 2313 221 2357 armis,
248 2325 327 2363 quae
340 2310 402 2349 ine
417 2309 597 2362 gestabam
624 2324 724 2348 arma

88 2370 198 2417 saeva
219 2363 406 2414 sonoribus,
446 2362 483 2399 h.
516 2374 550 2400 e.
582 2361 723 2405 sonore,

788 2320 871 2347 nem
890 2310 1084 2350 interfecit.
1111 2363 1120 2371 .
1136 2309 1240 2350 Mihi
1266 2312 1338 2351 hoc
1355 2323 1412 2352 ar-

788 2373 1000 2412 gumentum
1025 2377 1138 2414 magis
1156 2377 1264 2415 quam
1284 2377 1412 2402 verum

101 2419 202 2461 saeve,
228 2414 439 2453 terribiliter
470 2412 632 2450 sonantia
651 2411 723 2449 Bu-

101 2479 148 2507 tae
165 2467 257 2505 sunt.
273 2465 348 2504 vid.
365 2464 456 2502 Var.
475 2463 577 2502 Leti.
631 2466 722 2513 655.

101 2531 137 2558 et
147 2518 288 2570 paribus
330 2532 394 2554 non
419 2517 549 2553 invidet
592 2518 719 2553 armis:

102 2571 174 2609 hoc
204 2567 355 2606 sublime
395 2576 432 2604 et
462 2565 721 2616 magnificum:

104 2622 176 2660 suae
192 2617 383 2671 sagittandi
394 2617 550 2669 peritiae‚
571 2618 639 2655 suae
651 2616 722 2654 vir-

104 2671 192 2717 tuti,
232 2669 379 2708 Ascanii
419 2669 578 2706 futuram
613 2667 726 2705 virtu-

105 2732 180 2762 tem
214 2722 409 2773 aequiparat
455 2721 542 2757 deus
575 2720 724 2770 Apono.

108 2775 190 2812 Alii
204 2771 507 2823 comparationem
519 2771 557 2808 in
576 2784 619 2808 eo
631 2784 726 2821 quae-

108 2835 205 2871 runt,
220 2823 320 2881 quod
337 2823 474 2876 Apollo
487 2836 574 2876 puer
595 2822 726 2873 Pytho·

787 2414 853 2450 effe
885 2413 1041 2453 videtur.
1097 2417 1186 2467 657.
1214 2416 1315 2454 medio
1333 2420 1412 2466 ser-

789 2480 901 2509 mone3
931 2464 1098 2504 Servius:
1127 2473 1155 2490 ‘⁶
1176 2467 1261 2516 ideo
1294 2468 1413 2510 medio,

790 2516 876 2565 quia
894 2529 967 2554 non
989 2517 1171 2567 respondit
1191 2515 1413 2555 Ascanius.··

790 2568 851 2605 Est
884 2577 1003 2605 tamen
1039 2569 1273 2618 fimplicitet:
1315 2578 1415 2606 ante-

788 2631 898 2668 quam
929 2620 1031 2669 plura
1050 2619 1256 2669 subjiceret,
1284 2618 1415 2657 discen

790 2670 846 2707 fit.
901 2670 989 2721 659.
1009 2670 1098 2710 660.
1127 2671 1226 2720 Ergo
1245 2671 1283 2708 in
1299 2675 1415 2722 fuga,

790 2720 955 2765 discessu,
982 2722 1145 2760 divinam
1179 2723 1331 2760 formam
1359 2724 1416 2761 A·

817 2773 889 2809 ollo
918 2783 1106 2823 receperat.
1134 2773 1232 2812 conf.
1262 2772 1416 2812 Excuxs.

790 2785 874 2862 {ad
891 2823 941 2867 vs.
958 2826 1045 2876 638.
1100 2827 1190 2870 661.
1216 2839 1336 2864 numen
1352 2825 1416 2863 de·

1263 2876 1418 2917 clarata:-
