1847 3313
396 263 824 322 AENEIDOS,
882 262 1033 310 LIB.
1089 260 1156 308 X.
1327 274 1420 323 439

112 386 306 440 Viribus
316 393 558 456 inparibus
571 416 583 447 ;
602 408 925 456 magnumque
940 392 1004 438 ita
1017 390 1077 437 ad
1089 387 1262 435 aethera
1273 383 1397 431 fatur
1407 402 1421 431 z

110 483 202 531 Per
232 484 377 546 patris
416 482 689 546 hospitium,
738 495 785 529 et
821 480 1019 548 mensas,
1066 493 1183 541 quas
1238 474 1421 521 advena

302 577 453 632 adisti,
1326 568 1423 628 460

111 668 184 715 Te
207 684 388 730 precor,
422 666 611 723 Alcide,
646 664 818 728 coeptis
843 663 1115 727 ingentibus
1135 661 1252 711 adfis
1274 679 1286 708 ε

111 758 286 805 Cernat
310 759 531 806 semineci
553 758 639 805 fibi
663 775 740 805 me
764 774 924 820 rapere
945 774 1076 804 arma
1098 768 1307 811 cruenta,

110 847 447 911 Victoremque
469 848 616 895 ferant
650 848 898 894 morientia
922 845 1104 892 lumina
1129 844 1300 890 Turni.

107 937 279 988 Audiit
300 937 751 1001 Alcidesjuvenem‚
775 951 1099 1000 magnumque
1126 934 1208 981 sub
1233 933 1332 979 imo

112 1025 267 1072 Corde
281 1025 456 1088 premit
475 1025 726 1087 gemitum,
737 1025 1045 1087 lacrimasque
1064 1023 1419 1070 effuditinanes.

110 1121 241 1174 Tum
263 1119 464 1167 Genitor
483 1133 647 1167 natum
663 1120 750 1167 di&
743 1121 798 1166 tis
820 1118 1006 1166 adfatur
1029 1118 1222 1164 amicis:
1323 1117 1418 1176 466

109 1212 210 1260 Stat
232 1211 310 1257 sua
334 1211 506 1273 cuique
520 1211 648 1257 dies·
636 1235 648 1265 ;
671 1210 811 1257 breve
827 1222 872 1256 et
895 1207 1206 1271 inreparabile
1230 1219 1420 1269 tempus

107 1300 345 1346 Omnibus
370 1300 435 1346 est
459 1300 571 1345 vitae
592 1316 602 1345 ε
639 1298 718 1345 sed
743 1298 919 1344 famam
945 1298 1194 1344 extendere
1217 1298 1364 1355 saetis,

107 1394 220 1444 Hoc
246 1393 429 1440 virtutis
454 1409 588 1456 opus..
660 1391 822 1454 Trojae
846 1390 929 1437 sub
954 1390 1192 1437 moenibus
1216 1390 1321 1436 altis

148 1527 226 1565 462.
253 1527 388 1562 cernant,
415 1524 454 1557 sc.
485 1525 625 1555 morientia
642 1524 760 1560 lumina,
785 1521 963 1564 Oblongm,
990 1529 1065 1555 tert.
1087 1524 1205 1553 Moret.
1229 1521 1357 1553 Zulich.
1386 1527 1418 1552 et

104 1578 232 1616 Franc„
253 1577 339 1618 quod
365 1575 468 1606 multo
492 1575 618 1605 suavius
643 1574 754 1604 altero,
799 1582 908 1604 cruento
926 1573 1023 1604 Goth.
1058 1580 1128 1603 tert.
1220 1573 1296 1611 464.
1321 1573 1420 1605 Audit

108 1630 204 1660 Rom.
207 1627 368 1665 ——465.
394 1627 512 1668 effcndit
528 1625 670 1665 plerique
691 1624 770 1655 Pier.
790 1631 821 1654 et
840 1623 963 1660 Heius„
980 1631 1010 1653 et
1033 1623 1097 1663 inse
1122 1623 1239 1655 Medic.
1260 1634 1293 1654 ac
1318 1624 1414 1654 Rom.

107 1680 232 1710 Totum
255 1676 490 1708 hemistichium
511 1675 549 1706 ab
574 1675 675 1705 aliena
692 1684 788 1704 manu
805 1673 921 1704 veniffe
954 1673 1110 1707 arbitror·
1134 1683 1206 1703 cum
1231 1680 1260 1704 et
1278 1673 1417 1704 otiosnn

105 1729 143 1763 fit
161 1737 191 1761 et
208 1739 284 1759 vero
303 1728 400 1758 etiam
425 1726 611 1757 molestum:
637 1726 690 1767 qui
708 1726 783 1756 deus
810 1725 903 1756 corde
931 1725 1049 1764 premit
1075 1735 1113 1764 ge
1118 1724 1246 1762 mitum,
1269 1731 1303 1754 ut
1331 1724 1417 1756 idem

104 1766 158 1811 ille
174 1779 319 1811 lacrimas
334 1777 458 1813 fundat,
480 1776 649 1807 absurdum
675 1776 730 1813 est,
753 1775 774 1806 fi
792 1776 868 1817 quid
885 1775 987 1805 video
1078 1774 1153 1808 466.
1180 1776 1248 1806 Cum
1265 1777 1303 1806 G.
1323 1778 1418 1807 Mon-

105 1832 181 1863 talb.
231 1833 271 1862 ita
284 1831 378 1873 fatur
403 1829 464 1859 Ed.
489 1838 537 1869 pr.
564 1829 669 1858 Burm.
761 1826 835 1864 467.
862 1829 886 1857 ir
889 1826 1032 1856 remeabile
1057 1826 1192 1858 Oudart.
1221 1826 1259 1856 cf.
1283 1827 1322 1857 ad
1352 1829 1414 1862 Ge.

104 1884 160 1920 111,
184 1881 256 1918 284.
302 1882 337 1910 ln
353 1890 422 1910 voc.
446 1880 514 1910 Stat
531 1885 721 1920 argutantur
736 1885 860 1908 veteres
885 1876 1087 1918 grammatici
1110 1877 1193 1917 apud
1221 1878 1363 1909 Macrob.
1389 1881 1414 1916 1,

107 1933 147 1965 16
163 1941 254 1970 extr„
272 1931 356 1973 quasi
371 1929 492 1961 dietum
510 1929 546 1960 fit
562 1929 602 1960 ad
618 1928 752 1959 modum
775 1929 812 1958 ιτέ
836 1928 914 1967 μηνὸς
931 1927 1062 1967 impius:
1087 1937 1237 1958 extremum
1251 1929 1321 1959 diem
1334 1930 1416 1971 stare

104 1986 206 2023 licem,
228 1986 310 2027 quast
329 1983 370 2014 ad
398 1994 478 2025 quem
507 1990 562 2024 per
584 1993 669 2011 onmes
690 1980 986 2022 statur—intelligens
1011 1979 1084 2009 illud
1094 1980 1173 2020 stare
1192 1979 1257 2016 dici,
1280 1981 1321 2010 ad
1341 1982 1417 2024 quod

102 2037 256 2067 acceditur.
306 2033 372 2065 Nisi
401 2033 508 2064 sanam
529 2034 595 2073 jam
614 2040 756 2062 mentem
774 2030 917 2061 attuleris
944 2031 982 2060 ad
1011 2029 1258 2068 Grammaticos,
1278 2042 1350 2062 raro
1375 2043 1413 2064 ex

373 2085 447 2124 468.
464 2087 515 2128 fa
511 2088 543 2116 is
561 2087 623 2115 Got
628 2085 661 2116 h.
677 2092 750 2115 tert.
768 2082 810 2122 cf.
829 2083 896 2125 sup.
914 2084 953 2113 ad
971 2082 1024 2113 lib.
1040 2083 1102 2120 VI,
1119 2092 1192 2123 707.

101 2089 165 2120 illis
175 2088 284 2130 sapies.

108 2165 236 2203 veniffe
256 2165 422 2201 Turnum
445 2163 560 2207 videt,
578 2177 672 2214 praex
676 2177 727 2200 er
794 2181 840 2212 χ,
872 2165 940 2202 168
959 2162 1035 2212 sqq.
1092 2161 1196 2198 Aiios
1216 2161 1412 2202 imitatores

104 2228 179 2255 tere
205 2226 240 2253 et
269 2228 444 2265 occupare
468 2216 629 2251 decrevit
652 2214 728 2251 Pal-
792 2215 912 2264 paffim
950 2213 1058 2249 Maro
1091 2214 1229 2250 habuit.
1284 2215 1410 2253 Unum

103 2268 229 2314 1as,s1
250 2280 320 2317 qua
340 2267 479 2306 ratione
497 2266 644 2303 fortuna
663 2267 728 2302 ad·
792 2235 872 2302 iau
867 2276 914 2301 lat
928 2266 1049 2302 Enim.
1074 2264 1241 2302 Ηιιεςυη]
1256 2266 1322 2303 lib.
1335 2266 1408 2311 IV,

100 2321 204 2371 juret
233 2319 289 2356 se:
319 2321 440 2368 prose
475 2317 570 2354 dixit
611 2320 727 2366 ausum
798 2330 869 2366 114
886 2317 963 2367 sqq
1018 2320 1104 2382 467.
1134 2318 1225 2360 Stat,
1252 2319 1313 2361 est,
1335 2322 1410 2367 sua

103 2371 284 2421 imparibus
299 2369 393 2406 ‘virib
397 2385 446 2406 7.cs
792 2375 903 2420 cuique
934 2371 1013 2411 dis,
1052 2386 1089 2405 το
1123 2371 1266 2417 μόξσιμο
1254 2389 1281 2406 ν
1316 2372 1408 2428 ἦμεῖς

165 2425 256 2471 460.
301 2421 358 2456 De
390 2422 460 2456 hoc
497 2420 572 2469 sup.
609 2418 720 2463 VIII,
787 2421 881 2470 apud
934 2397 1055 2456 Hosne
1041 2433 1150 2456 etrum.
1223 2421 1405 2458 Sententia

107 2475 193 2523 362,
217 2475 303 2522 363.
356 2474 446 2519 462.
461 2474 547 2520 463.
568 2471 719 2508 Ornite.
788 2481 942 2508 autem
937 2471 1034 2507 w‘erss.
1091 2472 1179 2521 467.
1213 2473 1300 2520 468.
1329 2476 1404 2522 469

106 2527 236 2563 Cernat
254 2526 388 2561 ‘Turnus
406 2523 439 2560 se
459 2522 601 2572 spoliat
593 2535 605 2557 1
621 2533 654 2559 et
671 2521 722 2558 fe·
788 2536 832 2559 ex
872 2522 1038 2559 Homero
1075 2523 1247 2559 inhaerere
1281 2524 1406 2560 debuit

105 2586 174 2620 rat,
207 2574 387 2617 sustineat,
420 2575 541 2610 videre
562 2587 618 2609 me
647 2572 720 2609 vic-
789 2577 907 2625 poetae
925 2573 1046 2610 animo
1067 2574 1191 2621 Odyff.
1214 2591 1249 2617 τ,
1279 2577 1408 2623 328—-

103 2638 232 2665 torem.
285 2628 356 2675 465
389 2625 465 2676 sqq.
496 2624 661 2661 Vari-avit
687 2635 722 2660 et
791 2638 880 2673 334,
908 2626 967 2661 sed
991 2645 1006 2659 a
1026 2626 1101 2661 ulto
1119 2625 1258 2661 suavius
1272 2640 1310 2662 ea
1326 2627 1405 2663 red-

103 2679 246 2717 ornavit
266 2677 373 2713 Maro
399 2691 454 2718 ea,
487 2690 565 2726 quae
584 2676 621 2712 in
643 2677 723 2713 S·1r-
788 2677 863 2712 dita
893 2675 1010 2712 verbis
1036 2676 1270 2725 numerisque.
1324 2684 1405 2714 irrr-

102 2729 251 2781 pedonis
282 2738 395 2765 morte
421 2729 602 2764 Homerus
629 2740 720 2778 prae-
782 2726 938 2777 parabile
966 2728 1002 2763 h.
1035 2728 1059 2763 l.
1096 2728 1191 2776 quod
1226 2741 1330 2764 renov
1334 2731 1403 2774 iri,

101 2783 198 2819 clare
240 2789 494 2816 memoraverat
528 2778 633 2816 Iliad.
676 2796 718 2821 π,
785 2778 874 2815 itera
881 2791 925 2822 rx,
951 2779 1084 2827 nequit.
1139 2780 1212 2828 469
1230 2780 1304 2829 sqq
1327 2781 1404 2819 Co

101 2833 319 2892 431—-462,
331 2831 415 2868 etin
437 2830 594 2868 Hectore
610 2830 717 2869 Iliad.
783 2830 839 2868 lor
850 2842 894 2866 ex
908 2829 1023 2868 Hom.
1038 2829 1074 2866 in
1087 2829 1405 2920 [εῃτειπίἰεῖριυῌΐο

1261 2897 1269 2917 (
1289 2896 1360 2920 wel
1376 2898 1393 2919 l
