1847 3313
409 279 506 344 366
618 271 673 323 Ρ.
723 268 1529 330 v1RG1L11MARoNIS

410 411 581 476 Asper,
609 410 776 456 acerba
794 420 943 466 tuem,
961 421 1085 457 retro
1102 410 1224 457 redit
1249 433 1260 465 ;
1291 422 1338 457 et
1361 427 1513 474 neque
1530 421 1662 476 terga

410 499 490 550 Ira
506 501 613 546 dare
625 511 704 545 aut
721 497 867 544 virtus
883 499 1089 559 patitur:
1116 515 1203 547 nec
1223 500 1413 547 tendere
1427 512 1606 558 contra,
1631 515 1691 564 79
1697 508 1722 562 ς

411 592 503 639 Ille
517 588 713 652 quidem
725 586 813 634 hoc
826 587 1039 649 cupiens,
1057 586 1183 649 potis
1199 586 1263 632 est
1278 603 1362 649 per
1379 588 1472 634 tela
1488 587 1724 652 virosque-

413 682 563 730 Haud
587 680 720 726 aliter
745 691 869 726 retro
891 677 1062 724 dubius
1086 677 1282 741 vestigia
1306 680 1497 725 Turnus

413 769 725 834 Inproperata
749 768 908 824 refert,
943 778 987 813 et
1010 781 1142 831 mens
1169 767 1392 814 exaestuat
1416 769 1500 815 ira.

413 866 547 931 Qin
569 861 714 908 etiam
737 858 808 904 bis
833 868 938 903 tum
959 857 1141 904 medios
1162 856 1389 904 invaserat
1412 858 1562 905 hostes
1582 877 1595 907 ε

1643 955 1734 1001 800

416 1052 510 1100 Sed
528 1060 693 1097 manus
712 1060 736 1090 e
757 1041 916 1090 castris
935 1055 1137 1104 propere
1156 1039 1253 1086 coit
1269 1037 1423 1085 omnis
1443 1038 1490 1085 in
1510 1053 1679 1088 unum.

413 960 495 1010 Bis
517 952 708 1005 confusa
733 951 841 1014 fuga
864 965 948 1013 per
970 965 1129 996 muros
1153 949 1348 1012 agmina
1379 949 1537 995 vertit.

416 1139 469 1191 Ν
473 1157 525 1190 ec
547 1150 711 1188 contra
733 1135 855 1182 vires
879 1132 1019 1179 audet
1042 1126 1260 1179 Saturnia
1282 1130 1408 1191 Juno

464 1286 544 1320 794.
567 1284 640 1307 retro
654 1272 732 1304 dedit
755 1267 909 1301 Montalb.
931 1275 961 1299 et
973 1268 1055 1298 Ven.
1102 1274 1136 1297 at
1151 1275 1238 1308 neque
1254 1263 1363 1306 Bigot.
1407 1275 1442 1294 ac
1454 1262 1552 1294 Goth.
1572 1270 1738 1294 tert.—

424 1338 500 1374 795.
523 1341 557 1361 ac
571 1341 605 1359 ev.
638 1323 766 1355 zulich.
814 1330 840 1352 et
863 1329 912 1361 pr.
938 1318 1058 1349 Hamb.
1079 1324 1111 1347 et
1132 1314 1270 1346 Dorvill.
1316 1326 1402 1356 neque
1418 1322 1439 1345 t.
1467 1315 1565 1345 Rom.
1658 1314 1734 1356 796,

426 1384 482 1417 IIle
496 1380 619 1425 eqm'dem
650 1378 761 1406 franc.
803 1382 857 1415 per
872 1370 928 1401 tela
939 1377 994 1412 pe‘r
1010 1370 1092 1411 hcstcs
1108 1369 1192 1398 Ven.
1241 1367 1404 1396 Caeterum
1421 1375 1485 1394 non
1497 1364 1603 1401 video,
1618 1375 1672 1396 cur
1688 1366 1740 1396 in*-

425 1431 651 1476 terpumstione
676 1434 744 1457 tam
766 1424 880 1455 duram
906 1421 1088 1451 orationem
1110 1416 1234 1448 efficere
1260 1416 1396 1457 placeat,
1432 1415 1498 1451 Ille,
1517 1416 1626 1458 quidem
1641 1418 1688 1447 hoc
1702 1417 1742 1459 cg

424 1492 484 1518 'nec
500 1483 637 1515 retinere
654 1478 699 1512 id,
724 1474 810 1516 quod
825 1473 855 1504 se
871 1471 986 1501 offert:
1024 1482 1070 1500 nec
1085 1477 1105 1499 t.
1137 1475 1231 1498 contra
1257 1466 1310 1496 Ille
1335 1465 1457 1508 quidem,
1480 1466 1530 1496 hoc
1551 1468 1659 1507 cupiens
1690 1465 1738 1507 (h,

425 1533 573 1581 quamvis
600 1528 753 1571 cupiens),
778 1527 851 1568 potis
872 1523 907 1566 est
930 1530 1006 1559 ete„
1031 1527 1085 1550 aut
1106 1518 1151 1556 id,
1175 1517 1260 1559 quod
1286 1516 1379 1558 supra
1394 1516 1734 1560 posuimuS·-··-799·

428 1601 492 1621 cum
518 1587 602 1616 Ven.
649 1590 707 1612 tum
733 1579 774 1608 bis
796 1587 848 1618 pr.
877 1572 999 1604 Hamb.
1046 1573 1074 1602 in
1102 1570 1200 1601 medios
1229 1570 1340 1599 Franc.
1387 1568 1534 1610 invaserat
1559 1567 1652 1598 Leid;

428 1641 505 1674 800.
531 1632 644 1679 confusa
667 1629 777 1662 Heius.
807 1624 970 1668 reposuit;
1002 1622 1043 1654 stc
1060 1622 1147 1653 enim
1163 1630 1274 1652 omnes
1296 1619 1363 1660 ejus
1379 1618 1487 1657 codd„
1519 1629 1584 1649 uno
1600 1618 1742 1651 alterove

425 1689 564 1723 recentis
580 1678 828 1721 notaeexceptis.
878 1677 930 1707 Ita
945 1682 1052 1706 tamen
1067 1673 1134 1715 jam
1151 1672 1200 1704 ed.
1220 1670 1296 1701 Ald.
1314 1680 1362 1712 pr.
1378 1669 1484 1700 et·sec.
1523 1672 1644 1700 Verum
1662 1680 1739 1701 mox

427 1742 507 1775 Ald.
541 1745 616 1770 tert.
641 1731 806 1774 Naugerio
828 1727 1008 1760 correcstore
1036 1725 1068 1755 in
1093 1724 1166 1755 edd.
1198 1722 1308 1754 intulit
1339 1720 1487 1764 convetsa.
1535 1720 1636 1752 Beere
1661 1732 1740 1753 vel-0

428 1792 540 1827 Heius.
566 1794 689 1824 monet,
720 1782 871 1826 putidum
897 1778 958 1810 effe
981 1777 1110 1819 conversa
1137 1787 1166 1808 α.
1193 1777 1297 1807 vertit.
1344 1774 1379 1803 In
1407 1773 1506 1803 Goth.
1540 1772 1597 1804 sec.
1619 1774 1745 1818 (φιλίη-χᾶ,

428 1854 505 1879 tert.
530 1841 639 1885 confisa,
658 1848 708 1880 pr.
733 1832 873 1877 conversa.
966 1829 1042 1861 802.
1066 1828 1153 1860 audet
1167 1827 1308 1859 Saturnia
1323 1824 1420 1856 Turno
1443 1823 1544 1855 Goth.
1567 1831 1656 1863 tert„
1688 1835 1743 1856 au.

429 1898 566 1933 diendus
580 1893 647 1929 ille,
668 1889 691 1921 fi
706 1885 932 1919 auetoritatem
947 1880 1091 1913 haberet.

1120 1999 1236 2036 verat,
1263 1991 1332 2028 hoc
1366 1999 1511 2040 quoque
1527 1987 1610 2024 loco
1630 1985 1746 2023 incul-

1120 2045 1278 2082 candum
1292 2041 1449 2078 videtur.

1173 2096 1271 2144 juno
1290 2092 1405 2135 enim,
1432 2090 1458 2128 fi
1478 2090 1572 2127 reste
1601 2089 1745 2138 judica-

433 2008 584 2048 modurn
600 2001 753 2044 variata,
768 2012 811 2036 ex
828 1996 955 2035 eodem
968 1993 1052 2031 loco

431 2060 544 2099 Iliad.
572 2066 610 2099 λ,
647 2067 715 2105 547
751 2050 828 2100 sqq.
883 2045 1054 2083 variavit

434 2122 556 2150 tamen
572 2119 651 2144 eam
670 2103 743 2154 ipse
772 2103 954 2138 Homerus
981 2096 1054 2133 alio

437 2164 524 2202 loco
552 2157 698 2210 egregie
715 2154 823 2192 Iliad.
858 2169 891 2202 ς,
932 2150 1056 2187 108—-

441 2228 527 2263 113.
583 2223 671 2262 794.
690 2207 812 2243 acerba
830 2215 920 2241 tuens
937 2201 1057 2250 ὃξιμέκ

437 2265 630 2316 δεξκόμενος,
684 2258 754 2295 Sed
768 2258 813 2294 de
828 2253 979 2292 terribili
993 2252 1057 2289 ad-

435 2319 555 2370 spee'tu
574 2314 699 2353 eadem
718 2309 825 2347 verba
845 2309 921 2358 jam
939 2303 1059 2357 posuit

438 2370 587 2408 Lucret.
605 2365 658 2408 V,
679 2374 739 2411 34.

496 2425 584 2460 802.
629 2416 730 2464 Ergo
760 2409 869 2449 tacite
901 2405 1062 2457 intelligi

438 2475 520 2512 Vult
554 2473 678 2522 poeta,
718 2465 898 2513 junonem
933 2472 1062 2510 pugnae

440 2522 527 2563 huic
585 2516 785 2557 interfuisse
842 2511 1061 2562 praesentem.

442 2575 557 2628 Qod
594 2572 682 2622 saepe
720 2564 940 2607 monuimus,
976 2563 1063 2612 poe-

442 2641 518 2667 tam
546 2624 697 2662 deorum
726 2619 924 2657 interventu
946 2613 1065 2650 minu5

443 2677 602 2718 feliciter
620 2674 690 2718 uti,
718 2682 825 2721 quarn
845 2666 1064 2723 Homer-um,

445 2731 512 2781 qui
541 2739 659 2765 rerum
691 2725 809 2761 aetum
840 2731 912 2754 non
945 2729 1065 2754 minus

444 2782 520 2822 diis
550 2791 659 2832 quam
677 2771 887 2813 horninibus
915 2769 1065 2820 affigna-

630 2842 653 2880 5

1124 2161 1217 2190 mus,
1237 2156 1332 2182 nunc
1365 2141 1551 2180 inducitur
1566 2141 1745 2178 neceffita-

1123 2199 1170 2234 tis
1196 2196 1313 2247 magis
1331 2195 1449 2232 cauffa
1473 2193 1520 2230 ad
1550 2191 1745 2242 expedien-

1124 2250 1207 2286 dam
1226 2262 1316 2292 rem,
1344 2259 1452 2297 quam
1469 2257 1587 2281 rerum
1617 2243 1747 2281 ordine

1125 2301 1176 2338 ita
1219 2299 1427 2351 postulante.
1496 2295 1612 2332 Deam
1642 2294 1742 2341 enim

1126 2352 1229 2390 rebus
1260 2350 1425 2401 gerendis
1459 2347 1620 2384 intereffe
1655 2359 1747 2383 nona

1125 2405 1214 2441 dum
1233 2402 1410 2445 vidimus,
1426 2399 1491 2436 nisi
1509 2411 1542 2436 v.
1571 2409 1660 2448 725,
1680 2395 1746 2433 ubi

1126 2456 1189 2493 illa
1200 2453 1330 2492 avertit
1346 2453 1454 2490 if'turn
1464 2450 1566 2487 hastae
1575 2450 1747 2491 aTurno,

1128 2517 1164 2545 et
1178 2522 1214 2544 v,
1234 2506 1310 2556 764
1324 2506 1419 2554 Juno
1430 2509 1523 2539 vires
1540 2507 1747 2551 animumque

1129 2560 1293 2609 mingstrat
1305 2572 1316 2601 3
1345 2557 1415 2592 hoc
1433 2565 1517 2591 vero
1534 2561 1674 2602 poterat
1691 2551 1750 2587 fa-

1128 2624 1209 2648 cere
1244 2621 1289 2646 ex
1322 2608 1395 2644 alto
1412 2620 1423 2650 3
1464 2614 1500 2641 et
1534 2604 1670 2641 oblitus
1700 2603 1749 2639 est

1129 2666 1241 2713 poeta
1260 2660 1487 2710 interponere
1504 2668 1581 2692 eam
1602 2654 1750 2706 praesen-

1130 2724 1204 2751 tem
1238 2709 1480 2763 pugnantibus
1507 2706 1673 2745 descensu
1702 2716 1749 2742 ex

1132 2765 1296 2817 Olympo
1314 2762 1424 2808 faC‘w,
1442 2769 1481 2800 ut
1496 2759 1639 2811 Jupiter
1652 2768 1750 2848 Ilm'm

1677 2819 1748 2846 nm
