1847 3313
398 265 460 316 AE
478 266 802 324 N'EIDOS,
851 263 998 313 LIB.
1050 262 1142 312 lx.

1335 272 1440 327 ‘337

203 395 365 444 Turris
388 409 483 443 erat
506 396 630 442 vasto
650 395 876 458 suspeastu,
893 408 940 442 et
956 395 1180 458 pontibus
1198 392 1318 448 altis,
1349 404 1441 454 530

135 487 420 552 Opportuna
444 489 551 534 loco
571 507 581 533 ε
619 487 814 533 summis
837 486 1180 548 quamviribus
1203 500 1367 530 omnes

135 576 422 640 Expugnare
447 577 568 631 Itali,
600 575 873 637 summaque
896 589 1103 621 evertere
1123 590 1270 636 opum
1290 573 1338 618 vi

136 665 421 711 Certabant:
457 666 604 712 Troes
633 677 796 710 contra
820 664 1069 710 defendere
1093 663 1227 718 saxis,

133 752 313 817 Perque
338 770 472 800 cavas
497 753 624 800 densi
646 755 735 799 tela
758 754 1024 814 intorquere
1050 751 1283 798 fenestras.

132 841 356 906 Princeps
380 844 618 889 ardentem
643 843 847 906 conjecit
869 841 1087 904 lampada
1110 842 1313 898 Turnus,
1346 856 1367 902 5
1375 855 1400 902 3
1409 853 1431 901 5

129 933 194 982 Et
218 935 460 980 flammam
481 934 648 980 adfixit
669 934 826 987 lateri3
862 949 970 996 quae
992 932 1197 994 plurima
1219 944 1358 978 vento

132 1023 381 1086 Conripuit
404 1023 599 1078 tabulas,
625 1036 670 1069 et
695 1023 903 1085 postibus
930 1021 1061 1067 haefit
1083 1019 1242 1066 adesis.

127 1111 328 1159 Turbati
353 1113 584 1175 trepidare
606 1112 745 1168 intus,
769 1112 1025 1173 frustraque
1048 1110 1285 1157 malorum
1337 1147 1340 1150 .

128 1200 259 1249 Velle
283 1203 464 1266 fugam.
532 1203 663 1249 Dum
685 1203 732 1267 se
759 1203 1042 1265 glomerant,
1072 1214 1289 1263 retroque
1322 1198 1434 1245 refi-

317 1289 437 1337 dunt

124 1378 179 1424 In
193 1391 389 1441 partem,
405 1381 806 1443 quaepestecaret:
832 1394 935 1428 tum
952 1381 1160 1444 pondere
1179 1382 1314 1428 turris
1336 1394 1432 1443 540

124 1467 382 1517 Procubuit
407 1472 575 1528 subito,
599 1486 645 1518 et
670 1473 851 1519 coelum
874 1485 1004 1519 tonat
1024 1489 1165 1519 omne
1190 1472 1394 1535 fragores

125 1560 388 1608 Semineces
411 1561 469 1608 ad
495 1575 680 1619 terram,
703 1564 883 1611 inmani
908 1565 1036 1611 mole
1056 1565 1226 1620 secuta,

121 1650 407 1713 Confixique
430 1651 521 1698 suis
545 1653 664 1711 telis,
690 1666 736 1699 et
759 1655 948 1717 pedion
971 1656 1088 1702 duro

162 1771 238 1801 530.
255 1763 377 1806 filspefflo
407 1764 487 1796 alter
514 1764 632 1800 Hamb.
662 1767 799 1812 cons-beffa
832 1769 976 1802 Parthas.

706 1819 780 1857 536.
819 1821 914 1862 affecit
951 1818 1068 1852 Medic.
1109 1821 1215 1852 Pierii.

350 1875 424 1905 537.
451 1867 553 1898 tabulis
570 1879 617 1909 pr.
629 1869 746 1902 Hamb.
764 1862 836 1900 iim.
855 1881 902 1912 pr.
941 1872 1072 1914 pontibus
1085 1872 1170 1914 conj.
1188 1873 1239 1914 J0.
1259 1874 1424 1905 Schrader.

118 1812 374 1854 alter.—-—-532.
407 1817 490 1848 Italis
521 1818 617 1847 Rom.

119 1865 262 1896 Parthas.

116 1917 232 1960 adhffs
263 1917 357 1947 Rom.
388 1918 468 1960 ohffs
495 1919 596 1951 Goth.
625 1920 685 1953 sec.

1066 1778 1142 1810 531.
1176 1776 1235 1814 qua
1264 1784 1298 1802 v.
1325 1770 1425 1802 Goth.

1277 1823 1428 1864 adstrinxi}

800 1930 852 1962 39.
890 1923 1030 1964 reficiam&
1070 1927 1121 1966 J0.
1161 1924 1325 1957 Schrader.
1359 1936 1426 1957 em.

118 1969 268 2004 recedunt3
305 1966 358 1997 sed
389 1967 525 1998 alterum
556 1969 681 2000 dodHus
719 1971 833 2002 eodem
874 1972 1061 2014 significatu.
1109 1973 1162 2004 Est
1194 1975 1424 2008 Lucretianum

115 2029 242 2062 retroque
269 2019 384 2060 rejfiditr
415 2021 453 2057 11,
485 2020 557 2059 283.

102 2123 198 2162 ficati
213 2121 276 2150 duo
292 2120 401 2153 Burin.

172 2211 256 2248 530.
285 2196 334 2234 cf.
371 2196 448 2248 sup.
478 2198 544 2236 lib.
579 2198 631 2242 Π,
658 2212 735 2249 440

115 2248 208 2298 sqq„
242 2248 304 2285 ubi
335 2249 435 2299 regia
464 2249 597 2287 Priami
627 2251 734 2288 simili

116 2301 227 2336 modo
262 2311 500 2350 oppugnatur.
564 2302 733 2351 pontibus,

113 2351 244 2401 quibus
276 2351 480 2388 discurrunt
528 2366 733 2405 propugna-

114 2412 206 2439 tores
231 2415 295 2452 per
320 2402 451 2439 moenia
477 2413 512 2440 et
544 2405 589 2440 ad
620 2414 732 2442 turres

114 2453 340 2503 perveniunt.
372 2455 442 2492 Pro
460 2455 628 2492 tabulatis
645 2470 733 2506 pon-

113 2515 165 2541 tes
175 2504 266 2548 dici,
286 2506 415 2542 durum
427 2506 520 2543 effer,
550 2520 583 2543 V.
603 2506 678 2558 sup.
698 2521 731 2545 v-

119 2568 205 2605 170.
260 2569 346 2607 533.
374 2558 546 2608 defendere
576 2558 622 2595 se.
655 2569 731 2596 tur-

114 2605 200 2650 rim,
240 2620 312 2644 non
344 2608 400 2653 se3
437 2608 506 2645 hoc
539 2609 730 2661 indignum

112 2658 258 2707 poetica
287 2660 463 2708 gravitate
493 2661 587 2698 effet.
644 2663 732 2712 536.

114 2709 160 2745 Et
172 2711 351 2755 flammam
366 2712 487 2759 adfixit
503 2711 616 2757 lateri,
643 2726 731 2763 ergo

113 2759 242 2796 turrim
277 2760 434 2810 ligneam
467 2762 564 2799 fuisse
583 2764 731 2801 creden-

113 2811 198 2848 dum
214 2811 274 2852 est,
293 2811 317 2848 fi
334 2812 487 2851 exterius
505 2814 648 2853 adhaesit
666 2816 728 2854 fax

163 2862 277 2900 Tem.
298 2862 368 2903 111.

645 2031 720 2061 540.
743 2033 839 2055 carent
864 2025 975 2058 Franc.
1004 2022 1056 2056 sed
1085 2032 1162 2056 tunc
1187 2026 1277 2058 malit
1304 2028 1421 2060 Burm.

114 2083 173 2113 qua
191 2070 264 2112 peste
280 2079 374 2100 carent
398 2070 461 2102 scil.
488 2072 632 2113 Trojani.
655 2074 753 2104 Conf.
782 2075 819 2105 ad
844 2086 874 2107 v.
903 2085 976 2114 510.

488 2131 564 2161 543.
592 2124 762 2168 Corfixaque
780 2125 936 2157 Mont'alb.
983 2128 1157 2170 Confixitque
1172 2128 1276 2159 Goth.
1294 2129 1354 2162 sec.

1064 2085 1140 2114 542.
1162 2077 1286 2117 immensa
1313 2080 1367 2121 Spt
1373 2087 1420 2111 ot.

799 2201 898 2238 allisa
917 2212 952 2238 et
969 2202 1087 2240 affixa.
1142 2217 1228 2255 540.
1250 2207 1348 2255 pestis
1373 2207 1420 2245 de

798 2253 984 2297 incendio,
1018 2265 1057 2291 ut
1094 2253 1147 2299 V,
1176 2258 1263 2304 683.
1318 2258 1418 2296 Dum

796 2316 918 2341 omnes
935 2305 972 2341 in
987 2305 1132 2343 alteram
1147 2307 1252 2345 turris
1267 2320 1416 2357 partem.

797 2368 875 2404 quae
902 2355 1033 2393 intaCia
1059 2357 1104 2394 ab
1133 2357 1210 2408 igni
1237 2361 1301 2403 est,
1332 2373 1418 2398 con-

796 2408 928 2444 cedunt
944 2420 954 2443 ε
984 2408 1060 2452 illa,
1078 2421 1156 2458 quae
1176 2409 1250 2448 solo
1269 2410 1415 2461 imposi-

796 2467 833 2494 ta
866 2469 901 2495 et
939 2457 1170 2511 superstrue'ta
1210 2471 1285 2498 erat
1328 2468 1415 2510 (non

794 2508 1032 2548 fundamento
1071 2511 1175 2548 saxeo
1209 2512 1248 2548 in
1284 2522 1414 2552 terram

794 2561 911 2609 msto),
929 2572 1053 2611 utpote
1066 2562 1186 2612 lignea
1200 2573 1234 2599 et
1253 2564 1414 2610 mobilis,

794 2610 962 2663 inaequali
989 2613 1144 2664 pondere
1171 2613 1365 2652 inclinatur
1379 2629 1415 2655 et

794 2663 945 2701 corruit.
1019 2677 1106 2715 542.
1150 2664 1331 2703 Videntur
1365 2669 1415 2705 se-

793 2715 939 2763 quentia
957 2716 1002 2752 ad
1021 2716 1112 2752 hanc
1139 2727 1256 2754 rerum
1283 2716 1413 2758 faciem

791 2765 858 2802 effe
893 2767 1104 2804 revocanda.
1159 2767 1308 2805 Turrim
1340 2770 1413 2820 lig-

792 2829 895 2854 neam
938 2829 1025 2868 puta
1063 2818 1185 2869 aggeri
1219 2819 1413 2859 castrorum

847 2867 881 2907 Y
1312 2871 1414 2911 fuisse
