1847 3313
343 271 442 320 600
730 265 1240 316 EXCURSUS
1296 266 1321 314 I

345 396 394 433 ad
414 395 632 448 Apollodor.
647 409 686 446 p.
709 408 722 434 1
734 408 782 446 29
796 394 893 445 sqq.)
902 419 913 437 ,
931 405 1015 431 cum
1029 391 1135 431 sociis
1148 391 1404 437 Dorienfibus‚
1415 406 1507 445 quos
1521 391 1664 431 addux-

343 467 440 500 erat,
453 458 490 495 in
500 458 626 496 Sinum
636 456 869 495 Adriaticum
880 456 1042 497 eveaus,
1055 453 1092 491 in
1102 454 1321 491 Daunorum
1335 453 1465 492 finibus
1477 453 1660 496 consedit,

345 526 384 553 et
400 517 524 555 Dauni
540 517 637 569 regis
654 517 728 555 filia
738 515 776 554 in
790 513 1067 553 matrimonium
1083 512 1190 550 dueta
1202 513 1329 551 urbem
1343 513 1524 556 condidit,
1540 513 1599 551 cui
1612 513 1660 550 ab

346 576 465 628 Argis
497 577 751 629 Peloponnesi,
789 575 922 626 quibus
954 574 1207 624 imperaverat
1225 582 1262 610 et
1287 586 1444 624 quorum
1462 574 1658 624 antiquum

346 649 483 674 nomen
502 639 627 687 ''Agnsos
647 638 757 675 ἵππιον
783 636 870 679 fuit,
899 635 972 672 hoc
986 633 1101 683 ipsum
1123 645 1256 670 nornen
1275 634 1387 682 Argos
1406 633 1570 684 Hippiam
1589 631 1660 670 im-

346 699 501 748 poiuiffe
521 701 664 744 sei-tun
684 698 783 750 quod
797 698 920 749 postea
935 696 974 733 in
988 697 1243 745 Argyrippum,
1260 695 1482 744 tandemque
1494 694 1532 731 in
1550 694 1661 746 Arpos

347 761 578 798 commestum
610 760 679 797 effe
709 758 826 795 aiunt.
881 757 972 795 Haee
1002 756 1051 792 est
1078 756 1252 793 Diomedis
1277 753 1356 792 urbs
1382 754 1449 793 lib.
1468 755 1586 798 VIII,
1620 768 1659 805 9.

349 819 424 862 XI,
454 820 546 864 226,
573 831 610 858 et
629 821 751 858 AEtoxz·
769 820 860 868 Arpi
882 817 949 854 lib.
970 816 1020 859 X,
1041 818 1104 858 28,
1135 824 1172 852 et
1190 815 1254 852 lib.
1281 814 1351 858 Xl,
1373 815 1462 865 246.
1493 828 1566 865 247
1597 814 1663 853 Ille

348 879 463 920 urbem
477 882 700 932 Argyrzpam
710 882 845 929 patriae
859 879 1046 928 cognomine
1055 879 1168 926 gentis
1190 876 1225 910 V
1221 878 1307 913 ι’έῗσν
1320 875 1482 925 Gargani
1501 874 1662 912 condebat

346 941 491 993 Iapygis
504 945 625 979 arvis.
641 940 743 978 conf.
758 941 865 977 Serv.
883 937 928 975 ad
941 937 1058 979 VIII,
1077 951 1113 988 9.
1143 936 1297 973 Cluver.
1311 935 1394 973 Ital.
1409 946 1485 978 ant.
1505 950 1542 988 p.
1561 949 1573 973 1
1585 948 1657 989 215

348 999 429 1050 sqq.
487 1000 612 1039 Postea
634 1000 789 1038 aliarum
817 1011 964 1048 quoque
982 996 1127 1034 urbium
1149 995 1352 1046 primordia
1370 995 1416 1033 ad
1436 996 1662 1034 Diomedem

349 1062 480 1100 referri
492 1076 661 1114 coepere:
691 1073 731 1098 ut
753 1059 947 1101 Brundisii,
963 1071 1023 1108 ap.
1046 1056 1176 1107 Justin.
1195 1057 1288 1098 XII,
1307 1070 1343 1098 2,
1356 1056 1418 1094 etfi
1434 1056 1495 1093 alii
1514 1056 1662 1106 (strab.

349 1122 426 1166 VJ,
447 1137 482 1172 p.
503 1137 578 1173 432
597 1123 663 1170 A.)
699 1120 936 1159 Cretensibus
950 1119 1045 1156 hanc
1059 1117 1185 1154 urbem
1200 1117 1391 1155 vindicant
1407 1131 1418 1161 3
1447 1127 1525 1156 tum
1541 1118 1663 1155 Bene-

349 1183 457 1223 venti
474 1193 511 1221 et
538 1181 781 1234 AEquitutici:
830 1182 935 1217 Serv.
957 1179 1002 1216 ad
1023 1179 1109 1216 AEn.
1130 1177 1242 1221 VIII,
1262 1192 1297 1229 9.
1353 1178 1566 1222 venustam,
1587 1179 1663 1217 Ca-

349 1245 506 1288 nufium‚
526 1245 764 1294 Garganum,
785 1242 1056 1283 Beneventum,
1075 1238 1280 1278 Venafrum
1300 1238 1399 1276 idem
1418 1239 1464 1276 ad
1485 1239 1557 1283 XI,
1587 1239 1662 1290 246

350 1314 548 1347 memorat,
570 1304 768 1354 Sipuntum
789 1302 923 1339 Strabo
947 1299 1021 1343 VI,
1050 1313 1089 1349 p.
1111 1312 1183 1351 435
1220 1299 1262 1336 B.
1319 1299 1438 1337 Fuere
1455 1300 1566 1338 etiam
1586 1301 1665 1338 alise

350 1378 476 1408 terrae,
504 1379 592 1416 quas
614 1364 737 1402 adiisse
762 1372 931 1401 narratus
958 1362 1007 1398 est
1034 1360 1264 1398 Diomedes:
1294 1373 1361 1396 nec
1378 1360 1491 1397 modo
1507 1359 1546 1397 in
1573 1360 1665 1398 loeis

351 1427 504 1470 vicinis,
523 1436 564 1464 ut
581 1425 736 1464 insulam
754 1425 962 1474 Corcyram
997 1422 1151 1472 (fragm.
1179 1420 1374 1458 Heraclid.
1406 1421 1453 1458 de
1476 1434 1556 1473 rep.
1576 1434 1668 1472 pag.
1709 1417 1715 1420 ’

353 1488 446 1534 28),
480 1500 610 1525 verum
637 1486 676 1524 in
705 1484 865 1534 Libyam
891 1483 1068 1520 adduEtus
1087 1481 1157 1519 fuit
1176 1494 1198 1518 a
1217 1480 1314 1531 Juba
1346 1480 1574 1530 Libycorum
1601 1482 1666 1519 111

358 1547 565 1597 (Plutarch.
586 1545 754 1583 Parallel.
784 1558 822 1595 p.
848 1555 919 1592 311
947 1543 1018 1590 D.)
1032 1570 1041 1580 .
1095 1542 1157 1579 De
1172 1539 1369 1578 Diomedis
1386 1550 1510 1578 autem
1529 1541 1670 1579 errori-

353 1610 421 1647 bus
439 1608 590 1646 omnino
608 1606 762 1644 videndi
783 1605 917 1642 Strabo
937 1603 1010 1648 VI,
1029 1617 1069 1654 p.
1086 1615 1177 1653 434.
1201 1614 1291 1652 435.
1315 1600 1408 1652 436.
1435 1602 1667 1653 Lycophron

351 1682 391 1708 v.
432 1667 637 1721 592—-632
666 1677 762 1704 etex
782 1679 826 1703 eo
846 1664 968 1703 Schol.
990 1664 1102 1702 Iliad.
1132 1681 1160 1706 ε,
1189 1674 1282 1712 421.

409 1729 597 1778 Objaeent
622 1727 738 1765 littori
761 1725 927 1776 Apu‘iiae,
947 1734 1075 1762 contra
1095 1734 1257 1761 montem
1277 1722 1517 1773 Garganum,
1548 1722 1614 1773 qui
1629 1721 1669 1760 in

353 1789 649 1843 promontorium
665 1787 712 1825 ad
730 1800 830 1824 mare
846 1785 1044 1836 procurrit,
1063 1784 1186 1822 insulan
1207 1796 1360 1820 numero
1380 1793 1452 1821 tres
1468 1798 1479 1828 3
1507 1797 1590 1820 cum
1612 1794 1670 1820 ta—

355 1865 441 1889 men
470 1850 579 1887 tertIa
610 1847 735 1885 saxosa
767 1847 822 1888 sit,
855 1845 935 1882 duae
966 1854 1107 1882 tantum
1135 1841 1320 1880 numerari
1344 1841 1484 1886 solent3
1512 1855 1668 1892 quarum

355 1925 467 1950 unam
486 1909 640 1947 vetustas
667 1907 808 1959 irgsulam
825 1907 1042 1944 Diomedem:
1061 1902 1264 1955 appellavit
1288 1902 1464 1952 (occurrit
1478 1901 1555 1950 jam
1571 1903 1670 1952 apud

358 1974 564 2022 Scymnum
585 1970 723 2008 Chium
742 1982 781 2006 v.
811 1980 902 2016 430.
921 1978 1012 2016 431.
1033 1977 1122 2013 432.
1177 1962 1283 2001 Duas
1313 1961 1447 1999 Strabo
1473 1972 1672 2005 memorat,

356 2032 510 2069 alteram
532 2029 754 2070 habitatam,
788 2026 942 2081 aiteram
970 2024 1167 2066 desertam,
1195 2021 1260 2059 lib.
1294 2022 1367 2064 Vl,
1396 2034 1434 2072 p.
1463 2035 1536 2073 435
1568 2023 1672 2071 A.);

356 2105 455 2130 nunc
483 2091 576 2128 Is01a
612 2092 650 2126 di
683 2086 832 2126 Trmziti
858 2086 922 2127 est,
950 2097 972 2121 a
991 2095 1097 2122 terrae
1115 2083 1291 2124 motibus,
1327 2095 1483 2132 quorum
1517 2081 1672 2132 vestigia

358 2153 475 2191 multa
492 2152 530 2190 in
550 2164 592 2188 ea
612 2157 821 2187 occurrunt.
877 2147 923 2183 In
942 2146 1010 2183 hac
1030 2144 1233 2182 Diomedes
1253 2141 1443 2180 hominum
1463 2142 1672 2192 conspestui

357 2213 552 2251 subduems
571 2224 614 2248 ac
641 2222 709 2260 pro
726 2207 797 2246 deo
815 2206 933 2248 cultus
954 2206 1093 2243 fertur:
1122 2213 1361 2241 monumento
1376 2215 1523 2253 quoque
1542 2216 1586 2240 ac
1605 2203 1674 2240 de·

357 2274 465 2312 Iubro
485 2273 532 2309 ad
551 2271 723 2308 seriorem
740 2278 886 2306 aetatem
905 2267 1087 2317 prostante
1105 2279 1113 2302 :
1143 2279 1180 2302 v.
1211 2264 1304 2302 Plin.
1325 2263 1391 2300 hb.
1420 2263 1477 2299 III
1496 2274 1592 2301 extr.
1620 2265 1674 2308 X,

359 2348 412 2386 44
444 2335 471 2372 s.
516 2333 581 2371 61.
647 2331 751 2368 Inter
790 2329 878 2366 deos
912 2337 1100 2376 receptum
1128 2325 1206 2375 jam
1238 2323 1416 2362 Pindarus
1452 2324 1675 2362 memoravit

359 2395 475 2435 Nem.
512 2393 562 2435 X,
603 2405 664 2430 ιτ.
719 2389 847 2427 Socios
882 2397 1004 2425 autem
1039 2386 1077 2423 in
1109 2398 1196 2422 aves
1221 2392 1381 2421 mutatos
1409 2383 1561 2433 vulgata
1589 2383 1675 2421 satis

360 2454 485 2492 fabula
504 2451 589 2491 tulit
606 2466 615 2489 ε
644 2450 774 2501 quibus
790 2448 877 2486 hinc
904 2450 1029 2484 amium
1053 2445 1309 2483 Diomedearum
1327 2455 1472 2479 nomen.
1496 2456 1533 2480 v.
1553 2442 1675 2493 inpri-

359 2515 430 2553 mis
449 2512 568 2552 Ovid.
589 2512 688 2549 Met.
711 2509 824 2550 XIV,
852 2520 926 2560 437
947 2506 1027 2557 sqq.
1056 2515 1093 2542 et
1110 2505 1226 2542 noster
1240 2504 1352 2554 poe'ta
1373 2502 1444 2544 XI,
1466 2515 1675 2552 271—274

359 2577 461 2613 ,Nunc
476 2578 580 2612 esiam
606 2570 767 2609 horribili
783 2570 864 2616 ‘vista
884 2577 1046 2617 portenta
1065 2574 1263 2616 lequuntur,
1292 2563 1338 2599 Et
1348 2564 1436 2610 socii
1459 2562 1568 2610 amff
1578 2565 1674 2612 peti·

358 2646 457 2674 crunt
487 2617 620 2669 aethessa
641 2634 775 2682 pennis,
803 2630 836 2665 F
837 2627 1073 2678 luminibzffqzce
1105 2634 1289 2675 vagantur
1323 2632 1497 2659 aves—et
1521 2620 1675 2672 scopulos

361 2694 540 2743 lam'mrfis
561 2691 702 2727 vecibus
721 2687 871 2738 implent.
914 2687 1048 2723 Ortum
1068 2684 1200 2722 fabulae
1215 2681 1350 2720 dediffe
1371 2680 1516 2717 videtur
1531 2691 1674 2722 certum

361 2754 487 2794 avium
506 2763 638 2804 gez-1125,
672 2748 772 2787 circa
791 2748 870 2785 haec
887 2745 971 2784 loca
990 2744 1077 2788 sola,
1107 2752 1146 2783 ut
1176 2742 1320 2786 volunt,
1351 2739 1419 2780 visi
1437 2739 1596 2782 solitum,
1625 2738 1673 2778 de

1601 2812 1679 2851 quo
