1847 3313
329 279 425 329 540
512 261 568 309 P.
619 257 998 307 VIRGILII
1052 257 1441 307 MARONIS

327 391 589 459 Qaerendi
611 391 776 438 nobis:
811 390 1115 438 circumstant
1136 391 1348 454 undique
1370 407 1547 440 muros,

325 488 457 534 Imus
483 484 529 530 in
553 481 798 530 adversos?
833 480 949 544 quid
973 479 1144 527 ceffas?
1178 497 1238 527 an
1260 481 1348 528 tibi
1373 481 1572 528 Mavors

326 571 528 623 Ventosa
543 572 592 618 in
615 572 778 636 lingua
797 569 1092 634 pedibusque
1118 568 1365 632 fugacibus
1393 569 1488 617 istis
1542 583 1638 633 390

327 665 526 726 Semper
548 660 666 708 erit?

327 752 493 802 Pulsus
516 750 637 815 ego?
671 760 752 799 aut
768 748 1017 813 quisquam
1034 747 1222 806 merito,
1246 736 1513 806 foediffime‚
1531 747 1641 813 pul,

521 842 628 890 sum

327 935 528 997 Arguet,
550 931 697 978 Iliaco
721 930 961 977 tumidum
985 930 1066 994 qui
1088 928 1292 982 erescere
1316 927 1556 991 Thybrim

329 1021 581 1085 Sanguine,
605 1032 650 1066 et
674 1020 883 1068 Evandri
907 1032 1058 1071 totam
1081 1035 1193 1079 cum
1217 1019 1358 1080 stirpe
1382 1018 1564 1064 videbit

327 1110 628 1159 Procubuiffe
645 1111 861 1168 domum,
885 1122 1022 1173 atque
1045 1121 1208 1156 exutos
1234 1108 1442 1155 Arcadas
1466 1105 1643 1153 armis?

329 1203 479 1251 Haud
498 1204 562 1250 ita
580 1219 656 1250 me
671 1203 852 1265 experti
871 1203 1016 1249 Bitias
1034 1213 1080 1248 et
1099 1200 1332 1247 Pandarus
1347 1199 1528 1261 ingem,
1549 1197 1643 1258 396

328 1296 394 1344 Et
416 1312 532 1358 quos
551 1293 683 1342 mille
705 1292 783 1339 die
808 1290 958 1336 vieior
980 1288 1064 1335 sub
1089 1287 1287 1333 Tartara
1310 1285 1433 1344 mifi,

330 1386 540 1435 Inclusus
563 1384 727 1440 muris,
749 1380 999 1442 hostilique
1024 1393 1193 1441 aggere
1217 1377 1408 1439 saeptus.

331 1477 477 1527 Nulla
499 1475 618 1523 salus
643 1473 783 1519 bello.

331 1565 591 1622 Dardanio,
613 1562 841 1624 rebusque
860 1559 967 1606 tuis.

858 1469 1019 1532 Capiti
1051 1483 1166 1513 cane
1190 1467 1298 1514 talia
1321 1467 1517 1513 demens

1038 1557 1241 1604 Proinde
1261 1558 1425 1604 omnia
1448 1573 1624 1621 magno

346 1685 347 1693 κ
376 1667 453 1708 383.
475 1668 582 1711 Qaer.
599 1664 680 1696 vohis
704 1661 833 1693 Zulich.
855 1672 873 1692 a
889 1672 932 1692 m.
950 1660 1008 1691 sec.
1053 1659 1228 1693 circumdant
1243 1658 1364 1700 aliquot
1382 1657 1467 1689 Pier.
1486 1664 1518 1688 et
1535 1657 1646 1687 Burm-

332 1727 365 1751 et
388 1719 463 1750 Ald.
483 1728 543 1759 pr.,
565 1727 639 1746 natu
656 1714 752 1746 tertia
768 1714 942 1755 circumstant
959 1723 1031 1743 cum
1049 1719 1134 1742 caett.
1152 1718 1231 1741 vett.
1256 1708 1495 1749 edd.-——-38‹).
1518 1708 1597 1739 Imus
1620 1709 1649 1741 iu

332 1771 463 1814 asi-velsos
478 1771 497 1799 ?
521 1766 811 1808 Interrogationem
824 1763 969 1795 Heinsius
980 1773 1105 1804 quoque
1116 1761 1234 1792 firmat.
1279 1762 1350 1802 Ego
1377 1770 1442 1790 non
1460 1758 1645 1791 desiderem.

332 1826 411 1857 Imus
433 1832 492 1865 pro
521 1821 603 1864 Qin
625 1820 705 1854 imus,
728 1815 812 1858 quod
833 1815 913 1856 saepe
939 1815 1023 1856 apud
1050 1813 1209 1844 Comicus.
1256 1812 1298 1842 Et
1321 1810 1534 1841 Homericum
1557 1809 1648 1839 Ἀλλ’

332 1877 423 1916 'jopem
518 1881 592 1913 391.
619 1871 802 1913 nequicquam
818 1868 903 1898 armis
918 1866 1079 1897 terrebimus
1095 1865 1192 1908 hostem
1209 1862 1410 1905 suppleverat
1428 1861 1546 1893 Medic.
1564 1871 1582 1891 a
1598 1871 1645 1893 m.

333 1938 383 1971 pr.
430 1935 607 1968 nunquamne
611 1923 687 1963 fines
702 1921 832 1964 fallacia
853 1918 946 1950 verba
962 1918 1222 1957 Leid.--—39z.
1247 1915 1329 1946 haud
1342 1913 1649 1957 quffqaam-Argue:

333 1977 518 2020 ἀποφωτωιῶς
549 1976 705 2006 Donatus.
751 1973 823 2002 haut
849 1969 947 2000 etiam
968 1968 1034 1997 Erf.
1078 1978 1114 1997 an
1131 1979 1181 2009 qu.
1196 1966 1288 2003 Leid.
1307 1975 1380 1995 cum
1396 1963 1496 1995 Goth.
1540 1976 1577 1995 an
1593 1975 1650 1994 me·

334 2036 388 2066 rito
403 2030 548 2075 quisquam
565 2024 677 2058 Parrh.
721 2032 772 2055 aut
793 2021 916 2065 quisnam
933 2019 992 2050 Ed.
1010 2029 1058 2061 ps.
1084 2019 1193 2049 Burm.
1284 2025 1356 2056 393.
1381 2016 1495 2059 Arguit
1511 2014 1648 2045 Oudart.

424 2090 498 2123 394,
524 2087 581 2110 tota
610 2076 773 2119 cumstirpe
788 2080 852 2104 tres
868 2070 981 2102 Heins.
1073 2078 1146 2110 395.
1169 2070 1256 2100 Proc.
1287 2068 1349 2101 deos
1381 2065 1479 2097 Goth.
1506 2077 1556 2108 pr.
1600 2076 1652 2097 ex·-

336 2135 444 2178 haustos
461 2130 598 2162 Oudart.
622 2134 654 2157 et
670 2136 719 2167 pr.
735 2123 856 2156 Hamb.
887 2133 946 2164 pro
962 2131 1029 2151 var.
1046 2120 1120 2152 leci.
1169 2120 1271 2163 exustos
1287 2117 1385 2148 Goth.
1401 2124 1476 2148 tert.
1519 2117 1653 2155 Arcades

336 2198 411 2219 cum
426 2183 540 2216 eodem
555 2177 692 2210 Dorvill.
781 2175 856 2216 396.
881 2175 947 2207 Aut
962 2172 1106 2213 ἱνα-νηῷ
1120 2172 1138 2201 ἓ
1162 2171 1223 2202 Ed.
1242 2170 1327 2201 Ven.
1347 2169 1459 2200 Burm.
1505 2177 1533 2199 et
1548 2166 1651 2198 Pand-

335 2249 458 2282 urguens
475 2231 592 2264 Medic.
614 2240 631 2259 a
648 2238 692 2259 m.
711 2237 758 2267 pr.
841 2234 914 2267 397.
941 2225 982 2257 Et
999 2234 1052 2265 quo
1068 2223 1176 2252 Franc.
1267 2228 1342 2259 399.
1367 2221 1412 2251 N.
1433 2229 1529 2250 manus
1547 2217 1649 2250 Goth0

335 2290 396 2321 sec,
487 2292 562 2322 400.
597 2281 685 2312 Proin
714 2277 849 2308 Oudart.
894 2276 954 2306 Sed
981 2285 1039 2306 nce
1065 2273 1125 2304 hoc
1151 2282 1210 2305 nec
1240 2270 1375 2309 Proinde,
1407 2269 1494 2312 quod
1522 2279 1551 2300 v.
1587 2269 1651 2309 383

335 2336 502 2384 praecessit,
519 2343 602 2365 nunc
617 2330 754 2362 suaviter
770 2328 939 2371 repetitur.

338 2415 550 2465 doquidem.
571 2412 788 2460 389-39-1.
804 2407 962 2457 Compa-

341 2476 421 2505 rant
436 2464 541 2502 Iliad.
555 2481 594 2505 α,
615 2463 704 2500 226.
727 2473 813 2510 227.
855 2460 961 2496 Imus.

341 2519 444 2571 Qin
454 2517 560 2554 imus.
575 2515 658 2564 Age
667 2524 787 2548 eamus
799 2510 965 2547 adversus
1006 2544 1008 2548 .

342 2568 499 2607 hostem!
557 2575 794 2616 393—395.
830 2561 965 2598 Omnia

341 2623 380 2659 in
410 2621 524 2669 majus
552 2619 664 2654 auc'ca.
712 2613 874 2650 Arcadas
905 2612 964 2649 di-

342 2673 412 2716 xit,
431 2684 514 2708 cum
531 2669 577 2707 de
590 2681 663 2705 uno
683 2666 774 2703 duce
793 2664 962 2702 Evandro

343 2724 531 2774 cogitaret.
602 2722 700 2756 Ante
739 2717 860 2754 oeulos
898 2716 964 2753 effe

344 2775 463 2826 potuit
475 2770 689 2810 locusIliad.
700 2769 737 2812 S,
753 2768 963 2818 153—156.

348 2828 409 2865 Ad
426 2828 499 2879 396
517 2823 613 2871 conf.
632 2822 708 2873 sup.
726 2819 801 2865 IX,
822 2821 893 2873 672
912 2817 965 2871 sq⁸

1082 2416 1169 2454 399.
1218 2401 1338 2452 Pergit
1373 2399 1412 2437 in
1447 2398 1653 2438 refellendis

1027 2454 1184 2492 Drancis
1203 2453 1321 2490 verbis
1352 2461 1388 2488 et
1414 2463 1508 2487 nune
1536 2450 1581 2486 ad
1615 2464 1650 2488 ν.

1029 2509 1116 2559 362.
1147 2506 1243 2543 Cane
1262 2504 1364 2547 talia,
1382 2502 1544 2539 ominare
1561 2501 1648 2547 hoe,

1027 2560 1163 2596 nullam
1181 2557 1328 2593 salutem
1347 2554 1414 2591 effe
1431 2553 1542 2597 bello,
1560 2550 1652 2602 pugss

1028 2610 1152 2646 nando
1168 2607 1281 2645 salvos
1299 2606 1365 2644 effe
1375 2618 1440 2642 nos
1451 2617 1524 2641 non
1541 2604 1650 2654 poffe,

1028 2662 1150 2699 AEneae
1165 2668 1200 2697 et
1215 2657 1299 2696 tibi.
1355 2656 1509 2693 Vertant
1526 2654 1581 2692 dii
1612 2654 1652 2695 in

1028 2723 1130 2750 tuum
1151 2709 1281 2762 caput!
1328 2708 1552 2758 Comparant
1571 2705 1650 2743 Od.

1029 2767 1068 2808 β,
1108 2764 1192 2813 178.
1248 2773 1332 2811 179.
1403 2772 1493 2808 400.
1536 2758 1651 2807 Perge

1031 2817 1169 2867 itaque,
1199 2812 1297 2866 quod
1323 2810 1430 2856 facis,
1456 2818 1594 2899 metu'rln
1606 2808 1653 2844 de

1339 2873 1342 2877 ·
1596 2872 1652 2897 τοι
