1847 3313
392 258 809 320 AENEmOS,
857 254 1015 308 ΜΒ.
1067 258 1134 307 X.
1322 273 1414 322 445

163 397 268 447 Nec
284 397 386 462 jam
406 397 531 444 fama
548 395 660 442 mali
680 395 815 452 tanti,
836 393 911 440 sed
932 391 1106 439 certior
1124 389 1285 438 auCtor
1322 402 1415 451 510

98 490 307 538 Advolat
332 488 514 544 AEneae,
547 485 676 532 tenui
702 475 972 549 discrimine
997 482 1078 528 leti

99 575 206 626 Effe
229 578 330 626 suos
357 595 367 624 ε

100 663 324 717 Proxima
338 681 539 730 quaeque
550 664 686 711 metit
701 664 878 727 gladio,
891 664 1132 725 latumque
1147 679 1231 724 per
1243 678 1417 724 agmen

100 759 286 806 Ardens
311 757 515 804 limitem
534 751 633 814 agit
659 747 812 800 ferr03
848 759 909 803 te,
945 749 1121 808 Turne,
1158 751 1414 814 superbum

404 589 611 638 tempUS‚
647 573 784 620 verfis
808 572 1074 619 succurrere
1099 571 1314 617 Teucris.

103 847 252 896 Caede
268 863 388 894 nova
406 858 638 909 quaerens.
677 839 843 894 Pallas,
863 839 1099 899 Evander,
1115 843 1163 889 in
1179 842 1287 906 ipfis
1325 857 1412 906 515

102 937 279 985 Omnia
303 937 409 983 sunt
432 934 584 982 oculis
604 957 616 986 ;
653 929 842 987 mensae,
878 945 994 992 quas
1017 931 1195 979 advena
1216 933 1396 997 primas

104 1031 244 1076 Tunc
261 1027 396 1082 adiit,
429 1025 704 1085 dextraeque
721 1022 862 1069 datae.
935 1021 1161 1070 Sulmone
1184 1036 1363 1071 creatos

103 1119 322 1184 Qatuor
334 1116 411 1162 hic
428 1113 625 1179 juvenes
641 1136 654 1167 ;
690 1111 908 1168 totidem,
932 1128 1049 1174 quos
1064 1113 1232 1159 educat
1250 1114 1418 1172 Ufens,

106 1204 323 1252 Viventis
345 1205 482 1268 rapit,
505 1203 694 1250 inferias
720 1217 837 1265 quos
859 1201 1059 1248 inmolet
1082 1203 1281 1263 umbris,

108 1296 409 1360 Captivoque
425 1293 530 1357 rogi
547 1292 798 1355 perfundat
814 1292 1036 1355 sanguine
1054 1294 1284 1345 flammas,
1326 1313 1420 1361 520

149 1423 226 1453 510.
240 1413 295 1458 sed
303 1427 326 1446 c.
342 1414 416 1445 alter
426 1412 483 1444 see.
496 1412 617 1444 Hamb.
708 1421 747 1451 51
757 1422 770 1443 1
784 1438 790 1444 .
806 1412 960 1456 discrimine
972 1414 1048 1445 vitae
1062 1413 1165 1455 Bigot.
1180 1422 1211 1445 et
1223 1415 1318 1448 Goth.
1331 1423 1423 1457 tert.9

108 1466 195 1507 quod
215 1473 246 1496 et
260 1465 362 1506 ipsum
378 1465 500 1495 bonum
517 1471 548 1495 et
565 1463 640 1495 alias
656 1463 902 1505 frequentatum.
994 1474 1069 1503 512.
1094 1468 1184 1507 verfis
1202 1475 1307 1511 tempus
1332 1469 1418 1500 Gud-

101 1516 248 1560 succedere
258 1518 374 1548 ‘Teucris
389 1518 485 1548 Rom.
499 1524 530 1547 ct
540 1516 619 1547 alter
632 1515 748 1546 Hamb.
763 1526 835 1546 cum
849 1515 949 1546 Goth.
965 1516 1032 1553 alt„
1046 1525 1081 1548 ut
1091 1518 1157 1559 sup.
1174 1528 1248 1560 439.
1338 1529 1416 1560 514,

108 1572 190 1602 limen
200 1569 326 1601 Vratiss.
346 1579 372 1600 te
385 1571 460 1601 caede
471 1570 494 1611 s.
510 1571 608 1601 ‘sume
619 1580 694 1600 nova
708 1568 812 1610 Bigot.
825 1576 857 1599 et
868 1568 967 1599 Goth.
979 1576 1160 1609 tert.——-5
1170 1571 1217 1602 16.
1231 1575 1329 1604 Omina
1341 1576 1418 1609 Excss.

108 1623 221 1654 Burm.
239 1624 347 1665 primas
363 1632 380 1652 e
398 1622 521 1653 Medic.
541 1621 626 1652 Gud.
643 1628 673 1652 et
687 1621 756 1652 aliis
772 1632 806 1652 ac
819 1629 908 1663 parte
926 1622 1149 1654 Pierianorum
1169 1624 1317 1656 Heinfius
1332 1637 1419 1658 rece-

109 1674 170 1718 pit.
196 1674 317 1716 Vulgg.
335 1673 454 1716 partim
471 1684 543 1704 cum
559 1672 635 1703 Ald.
652 1682 701 1715 pr.
717 1675 839 1716 primus,
864 1673 982 1715 partim
998 1684 1070 1704 cnm
1082 1674 1157 1705 Ald.
1176 1683 1250 1708 tert.
1271 1685 1302 1708 et
1318 1679 1417 1712 Rom,

104 1729 237 1771 primum.
328 1735 404 1765 517.
430 1726 511 1757 ‘Tunc
534 1725 566 1755 in
584 1724 686 1765 capite
703 1724 828 1755 versus:
853 1735 913 1754 vox
937 1724 1004 1755 haec
1024 1724 1151 1756 videtur
1163 1737 1289 1758 merum
1315 1731 1424 1761 versus

110 1779 251 1811 fulcrum
264 1777 335 1815 effe,
351 1788 408 1808 nec
427 1778 596 1819 quicquam
609 1776 708 1808 aliud.
756 1777 852 1818 Apud
865 1777 1009 1807 Servium
1025 1777 1068 1808 est
1088 1786 1096 1807 z
1124 1778 1265 1820 Qidam
1281 1789 1347 1813 tunc
1363 1793 1421 1823 prio

109 1831 248 1874 quondam
262 1829 434 1870 accipiunt.
488 1828 662 1859 Observavi
678 1835 785 1858 tamen
812 1827 988 1868 Virgilium
1008 1835 1038 1857 et
1056 1827 1125 1858 aliis
1146 1828 1222 1859 locis
1238 1829 1346 1862 durius
1361 1833 1421 1863 hac

110 1893 189 1914 voce
211 1891 277 1913 tunc
292 1887 323 1911 et
339 1889 397 1910 tum
414 1880 482 1910 uti:
508 1879 547 1910 fic
563 1879 627 1920 sup.
658 1889 689 1911 v.
718 1888 779 1917 445
819 1880 865 1911 At
892 1880 931 1910 R.
962 1891 991 1909 a.
1010 1877 1131 1918 juvenis
1148 1889 1206 1910 tum
1224 1893 1235 1911 .-
1274 1881 1329 1913 inf.
1353 1894 1417 1924 533

101 1933 169 1977 jam
197 1942 254 1964 tum
281 1932 417 1963 Pallante
442 1939 573 1974 peremto,
608 1941 677 1972 pm,
708 1930 775 1971 jam
799 1938 869 1961 tum
897 1940 970 1960 cum
1000 1929 1177 1960 Pallantem
1205 1934 1339 1972 peremit
1356 1947 1363 1973 ;
1387 1945 1419 1968 et

109 1984 225 2016 eodem
241 1983 338 2014 modo
355 1982 517 2013 Homerus
538 1983 601 2012 ‘rbere
625 1982 794 2012 interserit.
842 1981 982 2022 Respicit
1009 1988 1117 2012 autem
1144 1986 1242 2023 poeta
1267 1984 1333 2026 sup.
1360 1987 1416 2024 lib,

110 2036 197 2072 VIII,
221 2042 294 2066 102.
331 2040 390 2071 175
422 2033 489 2074 sqq.
581 2032 656 2071 518.
680 2033 744 2063 hinc
768 2030 796 2072 j.
830 2032 913 2062 Ven.
1002 2041 1018 2070 5
1030 2041 1078 2072 19.
1118 2033 1235 2075 inferias
1257 2047 1329 2078 quas
1359 2038 1415 2070 secr

111 2087 269 2120 Rottend.
359 2094 437 2124 520.
458 2085 636 2127 perfundant
659 2083 783 2116 Medic„

113 2194 171 2231 Ita
204 2195 322 2243 po'etae
340 2188 572 2226 assuefaciunt
589 2188 731 2226 animos

797 2186 906 2223 Silius
925 2187 993 2224 lib.
1009 2185 1081 2231 IV,
1099 2188 1188 2236 463.
1210 2189 1297 2236 454,
1326 2187 1419 2237 Age,

114 2245 265 2285 nostr03‚
285 2255 363 2291 quae
379 2242 417 2278 in
448 2252 633 2291 utramque
652 2253 731 2290 par·
1273 2238 1280 2244 ·
1389 2237 1396 2243 ·

799 2254 833 2276 re
851 2239 986 2276 limitem
1019 2249 1139 2275 autem
1159 2251 1303 2288 proprie
1321 2239 1419 2274 diei-

114 2307 185 2334 tem
203 2293 379 2343 disputari
400 2293 542 2343 poffint,
558 2292 680 2329 videre
697 2300 733 2328 et

113 2356 291 2398 reputare.

170 2412 257 2450 3¹0·
304 2394 491 2445 Pugnabat
525 2394 658 2432 AEneas
697 2393 736 2431 in

116 2451 228 2488 altero
248 2447 392 2498 agmine
413 2446 628 2495 310—361.
648 2451 739 2482 tenui

115 2504 296 2551 discrimine
324 2499 397 2542 leti,
434 2498 582 2535 modico
612 2496 737 2533 mortis

118 2550 306 2589 interstitio
323 2551 423 2587 Serv.
477 2549 575 2586 letum
594 2561 658 2599 pro
673 2560 735 2583 ex-

116 2604 203 2647 itio,
236 2604 347 2651 strage
383 2600 602 2651 copiarum.⁷
648 2611 735 2649 5¹3⁷·

116 2656 224 2692 latum
256 2654 390 2690 limitem
425 2658 511 2703 ogit.
585 2650 738 2699 Elegans

120 2704 304 2743 transsatio
338 2716 357 2739 a
394 2716 507 2739 vacuo
538 2701 654 2749 spatio
691 2701 737 2737 ad

118 2757 214 2794 viam
228 2765 265 2794 et
290 2755 406 2793 afrum
425 2753 520 2791 inter
539 2753 614 2790 duo
633 2765 737 2803 agros

121 2809 244 2846 relifto
262 2807 395 2858 petita:
425 2806 521 2844 conf.
551 2806 627 2855 sup.
657 2804 734 2848 IX,

123 2873 208 2910 323.
265 2860 299 2897 A
319 2858 472 2896 Marone
489 2866 668 2895 mutuatus
686 2857 734 2894 est

799 2299 939 2340 turpio
960 2291 1079 2327 facere
1122 2304 1157 2327 v.
1175 2289 1341 2326 Gronov.
1371 2289 1418 2325 ad

801 2340 927 2379 Tacit.
964 2342 1138 2378 German.
1188 2354 1250 2388 ze).
1332 2343 1418 2392 516.

801 2397 922 2440 mensae
936 2408 1033 2445 quas.
1074 2392 1238 2442 Respicit
1256 2392 1330 2442 sup.
1351 2391 1415 2430 lib„

802 2443 914 2486 VIII,
939 2458 1021 2482 102.
1047 2457 1114 2495 175
1136 2444 1188 2493 sq.

855 2500 935 2547 518.
967 2498 1096 2546 Ufem3
1134 2495 1163 2531 is
1194 2494 1345 2538 scilicet,
1372 2494 1418 2531 de

801 2560 874 2597 quo
894 2548 969 2596 sup.
1003 2546 1092 2588 VII,
1123 2559 1210 2596 745.
1241 2544 1352 2588 VIII,
1380 2549 1416 2585 6.

802 2598 905 2635 Alias
928 2599 973 2634 de
1000 2598 1209 2634 hominibus
1225 2609 1244 2632 e
1265 2596 1417 2633 Volsco·

802 2662 881 2687 rum
899 2661 1005 2699 gente
1025 2648 1172 2685 Ufentis
1195 2647 1298 2684 fluvii
1316 2661 1419 2684 acco-

801 2700 844 2738 lis
855 2700 972 2750 accipi
983 2710 1144 2751 poterat:
1178 2709 1217 2736 ut
1242 2699 1350 2736 Sulmo
1373 2699 1418 2735 de

802 2751 1033 2802 Pelignorum
1069 2750 1234 2801 Oppid03
1288 2750 1347 2787 sed
1382 2759 1418 2786 et

800 2802 902 2854 supra
930 2804 1133 2840 Sulmonem
1161 2802 1345 2838 hominem
1365 2803 1417 2838 vi-

801 2854 918 2892 dimus
949 2854 1017 2893 lib.
1047 2853 1124 2899 IX,
1167 2867 1256 2904 412.
1333 2866 1417 2903 520„

1229 2910 1421 2955 capti-veyne
