<?xml version="1.0" encoding="UTF-8"?>
<!DOCTYPE html PUBLIC "-//W3C//DTD XHTML 1.0 Transitional//EN"
    "http://www.w3.org/TR/xhtml1/DTD/xhtml1-transitional.dtd">
<html xmlns="http://www.w3.org/1999/xhtml" xml:lang="en" lang="en">
 <head>
  <title>
</title>
<meta http-equiv="Content-Type" content="text/html;charset=utf-8" />
  <meta name='ocr-system' content='tesseract 3.04.00' />
  <meta name='ocr-capabilities' content='ocr_page ocr_carea ocr_par ocr_line ocrx_word'/>
</head>
<body>
  <div class='ocr_page' id='page_1' title='image "./operavarietatele03virguoft/operavarietatele03virguoft_0755.png"; bbox 0 0 1847 3313; ppageno 0'>
   <div class='ocr_carea' id='block_1_1' title="bbox 442 270 1462 380">
    <p class='ocr_par' dir='ltr' id='par_1_1' title="bbox 442 270 1462 380">
     <span class='ocr_line' id='line_1_1' title="bbox 442 270 1462 380; baseline 0.01 -25"><span class='ocrx_word' id='word_1_1' title='bbox 442 270 560 356; x_wconf 74' lang='lat' dir='ltr'>AD</span> <span class='ocrx_word' id='word_1_2' title='bbox 618 308 997 358; x_wconf 80' lang='lat' dir='ltr'><strong>LIBRUM</strong></span> <span class='ocrx_word' id='word_1_3' title='bbox 1055 311 1173 360; x_wconf 87' lang='lat' dir='ltr'><strong>XII.</strong></span> <span class='ocrx_word' id='word_1_4' title='bbox 1371 332 1462 380; x_wconf 81' lang='lat'>729</span> 
     </span>
    </p>
   </div>
   <div class='ocr_carea' id='block_1_2' title="bbox 113 436 1464 2100">
    <p class='ocr_par' dir='ltr' id='par_1_2' title="bbox 142 436 1464 786">
     <span class='ocr_line' id='line_1_2' title="bbox 154 436 1463 492; baseline 0.006 -17"><span class='ocrx_word' id='word_1_5' title='bbox 154 436 290 477; x_wconf 88' lang='lat' dir='ltr'>Verum</span> <span class='ocrx_word' id='word_1_6' title='bbox 310 439 348 478; x_wconf 90' lang='lat' dir='ltr'>in</span> <span class='ocrx_word' id='word_1_7' title='bbox 366 441 420 478; x_wconf 84' lang='lat' dir='ltr'>his</span> <span class='ocrx_word' id='word_1_8' title='bbox 437 441 518 479; x_wconf 68' lang='lat' dir='ltr'>sads</span> <span class='ocrx_word' id='word_1_9' title='bbox 535 451 625 485; x_wconf 83' lang='lat' dir='ltr'>erat,</span> <span class='ocrx_word' id='word_1_10' title='bbox 643 441 667 478; x_wconf 88' lang='lat' dir='ltr'><strong>fi</strong></span> <span class='ocrx_word' id='word_1_11' title='bbox 682 441 776 478; x_wconf 86' lang='lat' dir='ltr'>nihil</span> <span class='ocrx_word' id='word_1_12' title='bbox 797 440 835 478; x_wconf 90' lang='lat' dir='ltr'>in</span> <span class='ocrx_word' id='word_1_13' title='bbox 854 441 965 492; x_wconf 86' lang='lat' dir='ltr'>ipsam</span> <span class='ocrx_word' id='word_1_14' title='bbox 985 444 1226 483; x_wconf 84' lang='lat' dir='ltr'>narrationem</span> <span class='ocrx_word' id='word_1_15' title='bbox 1243 445 1463 490; x_wconf 85' lang='lat' dir='ltr'>admitteret,</span> 
     </span>
     <span class='ocr_line' id='line_1_3' title="bbox 150 499 1464 556; baseline 0.005 -20"><span class='ocrx_word' id='word_1_16' title='bbox 150 499 248 548; x_wconf 89' lang='lat' dir='ltr'>quod</span> <span class='ocrx_word' id='word_1_17' title='bbox 285 500 447 537; x_wconf 85' lang='lat' dir='ltr'>diffidere</span> <span class='ocrx_word' id='word_1_18' title='bbox 479 514 561 538; x_wconf 85' lang='lat' dir='ltr'>cum</span> <span class='ocrx_word' id='word_1_19' title='bbox 594 500 733 537; x_wconf 83' lang='lat' dir='ltr'>caeteris</span> <span class='ocrx_word' id='word_1_20' title='bbox 760 500 876 537; x_wconf 81' lang='lat' dir='ltr'>videri</span> <span class='ocrx_word' id='word_1_21' title='bbox 909 503 1039 551; x_wconf 78' lang='lat' dir='ltr'>posser;</span> <span class='ocrx_word' id='word_1_22' title='bbox 1074 515 1110 541; x_wconf 86' lang='lat' dir='ltr'>ut</span> <span class='ocrx_word' id='word_1_23' title='bbox 1139 517 1223 541; x_wconf 87' lang='lat' dir='ltr'>vero</span> <span class='ocrx_word' id='word_1_24' title='bbox 1243 505 1335 542; x_wconf 78' lang='lat' dir='ltr'>nihil</span> <span class='ocrx_word' id='word_1_25' title='bbox 1354 517 1464 556; x_wconf 87' lang='lat' dir='ltr'>appo-</span> 
     </span>
     <span class='ocr_line' id='line_1_4' title="bbox 152 559 1463 616; baseline 0.005 -22"><span class='ocrx_word' id='word_1_26' title='bbox 152 568 267 604; x_wconf 83' lang='lat' dir='ltr'>neret,</span> <span class='ocrx_word' id='word_1_27' title='bbox 297 560 396 609; x_wconf 87' lang='lat' dir='ltr'>quod</span> <span class='ocrx_word' id='word_1_28' title='bbox 426 559 520 597; x_wconf 86' lang='lat' dir='ltr'>forte</span> <span class='ocrx_word' id='word_1_29' title='bbox 538 572 655 596; x_wconf 88' lang='lat' dir='ltr'>rerum</span> <span class='ocrx_word' id='word_1_30' title='bbox 677 559 721 596; x_wconf 81' lang='lat' dir='ltr'>ab</span> <span class='ocrx_word' id='word_1_31' title='bbox 749 559 827 597; x_wconf 82' lang='lat' dir='ltr'>aliis</span> <span class='ocrx_word' id='word_1_32' title='bbox 847 572 1065 599; x_wconf 79' lang='lat' dir='ltr'>narratarum</span> <span class='ocrx_word' id='word_1_33' title='bbox 1094 564 1215 601; x_wconf 76' lang='lat' dir='ltr'>ordini</span> <span class='ocrx_word' id='word_1_34' title='bbox 1235 573 1463 616; x_wconf 81' lang='lat' dir='ltr'>repugnaret,</span> 
     </span>
     <span class='ocr_line' id='line_1_5' title="bbox 148 615 1463 672; baseline 0.006 -19"><span class='ocrx_word' id='word_1_35' title='bbox 148 615 189 654; x_wconf 87' lang='lat' dir='ltr'>id</span> <span class='ocrx_word' id='word_1_36' title='bbox 221 631 286 656; x_wconf 90' lang='lat' dir='ltr'>nec</span> <span class='ocrx_word' id='word_1_37' title='bbox 314 620 513 656; x_wconf 84' lang='lat' dir='ltr'>cavendum</span> <span class='ocrx_word' id='word_1_38' title='bbox 546 619 609 669; x_wconf 88' lang='lat' dir='ltr'>ipfi</span> <span class='ocrx_word' id='word_1_39' title='bbox 645 629 735 663; x_wconf 85' lang='lat' dir='ltr'>erat,</span> <span class='ocrx_word' id='word_1_40' title='bbox 772 633 855 656; x_wconf 86' lang='lat' dir='ltr'>cum</span> <span class='ocrx_word' id='word_1_41' title='bbox 888 631 990 658; x_wconf 83' lang='lat' dir='ltr'>extra</span> <span class='ocrx_word' id='word_1_42' title='bbox 1025 623 1226 672; x_wconf 84' lang='lat' dir='ltr'>argumenti</span> <span class='ocrx_word' id='word_1_43' title='bbox 1255 635 1288 661; x_wconf 89' lang='lat' dir='ltr'>et</span> <span class='ocrx_word' id='word_1_44' title='bbox 1322 622 1463 661; x_wconf 75' lang='lat' dir='ltr'>consilii</span> 
     </span>
     <span class='ocr_line' id='line_1_6' title="bbox 146 676 1462 728; baseline 0.006 -15"><span class='ocrx_word' id='word_1_45' title='bbox 146 676 231 714; x_wconf 87' lang='lat' dir='ltr'>fines</span> <span class='ocrx_word' id='word_1_46' title='bbox 248 679 402 728; x_wconf 76' lang='lat' dir='ltr'>pofitum</span> <span class='ocrx_word' id='word_1_47' title='bbox 421 679 518 722; x_wconf 81' lang='lat' dir='ltr'>effet,</span> <span class='ocrx_word' id='word_1_48' title='bbox 552 692 617 716; x_wconf 87' lang='lat' dir='ltr'>nec</span> <span class='ocrx_word' id='word_1_49' title='bbox 645 678 682 714; x_wconf 88' lang='lat' dir='ltr'>in</span> <span class='ocrx_word' id='word_1_50' title='bbox 710 688 807 716; x_wconf 87' lang='lat' dir='ltr'>tanta</span> <span class='ocrx_word' id='word_1_51' title='bbox 832 681 1078 719; x_wconf 83' lang='lat' dir='ltr'>narrationum</span> <span class='ocrx_word' id='word_1_52' title='bbox 1109 682 1312 720; x_wconf 75' lang='lat' dir='ltr'>diverfitate</span> <span class='ocrx_word' id='word_1_53' title='bbox 1341 683 1462 722; x_wconf 83' lang='lat' dir='ltr'>caveri</span> 
     </span>
     <span class='ocr_line' id='line_1_7' title="bbox 142 736 276 786; baseline -0.008 -13"><span class='ocrx_word' id='word_1_54' title='bbox 142 736 276 786; x_wconf 80' lang='lat' dir='ltr'>potuit.</span> 
     </span>
    </p>

    <p class='ocr_par' dir='ltr' id='par_1_3' title="bbox 113 795 1460 2100">
     <span class='ocr_line' id='line_1_8' title="bbox 197 795 1460 849; baseline 0.008 -17"><span class='ocrx_word' id='word_1_55' title='bbox 197 795 326 847; x_wconf 84' lang='lat' dir='ltr'>Itaque</span> <span class='ocrx_word' id='word_1_56' title='bbox 343 810 364 834; x_wconf 81' lang='lat' dir='ltr'>v</span> <span class='ocrx_word' id='word_1_57' title='bbox 370 797 438 836; x_wconf 85' lang='lat' dir='ltr'>itio</span> <span class='ocrx_word' id='word_1_58' title='bbox 453 795 547 834; x_wconf 82' lang='lat' dir='ltr'>verti</span> <span class='ocrx_word' id='word_1_59' title='bbox 565 795 714 833; x_wconf 87' lang='lat' dir='ltr'>Maroni</span> <span class='ocrx_word' id='word_1_60' title='bbox 732 809 804 834; x_wconf 90' lang='lat' dir='ltr'>non</span> <span class='ocrx_word' id='word_1_61' title='bbox 835 797 960 848; x_wconf 82' lang='lat' dir='ltr'>potest,</span> <span class='ocrx_word' id='word_1_62' title='bbox 991 801 1088 849; x_wconf 90' lang='lat' dir='ltr'>quod</span> <span class='ocrx_word' id='word_1_63' title='bbox 1111 803 1395 841; x_wconf 82' lang='lat' dir='ltr'>Achemenidem</span> <span class='ocrx_word' id='word_1_64' title='bbox 1414 803 1460 842; x_wconf 85' lang='lat' dir='ltr'>ab</span> 
     </span>
     <span class='ocr_line' id='line_1_9' title="bbox 143 853 1460 907; baseline 0.006 -16"><span class='ocrx_word' id='word_1_65' title='bbox 143 853 268 905; x_wconf 80' lang='lat' dir='ltr'>Ulyffe</span> <span class='ocrx_word' id='word_1_66' title='bbox 285 867 365 895; x_wconf 85' lang='lat' dir='ltr'>ante</span> <span class='ocrx_word' id='word_1_67' title='bbox 382 867 451 895; x_wconf 64' lang='grc' dir='ltr'>ἵκω</span> <span class='ocrx_word' id='word_1_68' title='bbox 479 855 612 893; x_wconf 90' lang='lat' dir='ltr'>menses</span> <span class='ocrx_word' id='word_1_69' title='bbox 640 855 678 892; x_wconf 87' lang='lat' dir='ltr'>in</span> <span class='ocrx_word' id='word_1_70' title='bbox 709 855 915 906; x_wconf 85' lang='lat' dir='ltr'>Cyclopum</span> <span class='ocrx_word' id='word_1_71' title='bbox 944 856 1067 896; x_wconf 87' lang='lat' dir='ltr'>littore</span> <span class='ocrx_word' id='word_1_72' title='bbox 1095 862 1194 898; x_wconf 68' lang='lat' dir='ltr'>relic</span> <span class='ocrx_word' id='word_1_73' title='bbox 1199 876 1258 900; x_wconf 89' lang='lat' dir='ltr'>um</span> <span class='ocrx_word' id='word_1_74' title='bbox 1287 862 1460 907; x_wconf 85' lang='lat' dir='ltr'>narravit,</span> 
     </span>
     <span class='ocr_line' id='line_1_10' title="bbox 140 912 1459 972; baseline 0.005 -19"><span class='ocrx_word' id='word_1_75' title='bbox 140 916 203 954; x_wconf 88' lang='lat' dir='ltr'>etfi</span> <span class='ocrx_word' id='word_1_76' title='bbox 238 931 282 956; x_wconf 81' lang='lat' dir='ltr'>ex</span> <span class='ocrx_word' id='word_1_77' title='bbox 320 912 521 956; x_wconf 82' lang='lat' dir='ltr'>Homerica</span> <span class='ocrx_word' id='word_1_78' title='bbox 558 916 763 954; x_wconf 86' lang='lat' dir='ltr'>narratione</span> <span class='ocrx_word' id='word_1_79' title='bbox 798 917 918 967; x_wconf 90' lang='lat' dir='ltr'>primo</span> <span class='ocrx_word' id='word_1_80' title='bbox 953 920 1068 957; x_wconf 83' lang='lat' dir='ltr'>statim</span> <span class='ocrx_word' id='word_1_81' title='bbox 1104 935 1124 958; x_wconf 88' lang='lat' dir='ltr'>a</span> <span class='ocrx_word' id='word_1_82' title='bbox 1156 923 1279 972; x_wconf 84' lang='lat' dir='ltr'>Trojae</span> <span class='ocrx_word' id='word_1_83' title='bbox 1311 923 1459 961; x_wconf 86' lang='lat' dir='ltr'>excidio</span> 
     </span>
     <span class='ocr_line' id='line_1_11' title="bbox 140 976 1456 1031; baseline 0.008 -20"><span class='ocrx_word' id='word_1_84' title='bbox 140 987 237 1014; x_wconf 83' lang='lat' dir='ltr'>anno</span> <span class='ocrx_word' id='word_1_85' title='bbox 270 977 410 1029; x_wconf 81' lang='lat' dir='ltr'>Ulyffes</span> <span class='ocrx_word' id='word_1_86' title='bbox 447 976 494 1014; x_wconf 87' lang='lat' dir='ltr'>ad</span> <span class='ocrx_word' id='word_1_87' title='bbox 526 976 691 1013; x_wconf 84' lang='lat' dir='ltr'>Siciliam</span> <span class='ocrx_word' id='word_1_88' title='bbox 723 977 931 1027; x_wconf 78' lang='lat' dir='ltr'>appulerat:</span> <span class='ocrx_word' id='word_1_89' title='bbox 973 978 1025 1016; x_wconf 87' lang='lat' dir='ltr'>cf.</span> <span class='ocrx_word' id='word_1_90' title='bbox 1057 980 1149 1018; x_wconf 87' lang='lat' dir='ltr'>Nor.</span> <span class='ocrx_word' id='word_1_91' title='bbox 1181 983 1226 1019; x_wconf 91' lang='lat' dir='ltr'>ad</span> <span class='ocrx_word' id='word_1_92' title='bbox 1259 983 1332 1026; x_wconf 83' lang='lat' dir='ltr'>HI,</span> <span class='ocrx_word' id='word_1_93' title='bbox 1366 987 1456 1031; x_wconf 78' lang='lat'>613.</span> 
     </span>
     <span class='ocr_line' id='line_1_12' title="bbox 139 1032 1456 1091; baseline 0.006 -19"><span class='ocrx_word' id='word_1_94' title='bbox 139 1032 202 1072; x_wconf 86' lang='lat' dir='ltr'>Est</span> <span class='ocrx_word' id='word_1_95' title='bbox 232 1037 327 1075; x_wconf 88' lang='lat' dir='ltr'>enim</span> <span class='ocrx_word' id='word_1_96' title='bbox 359 1038 429 1074; x_wconf 89' lang='lat' dir='ltr'>hoc</span> <span class='ocrx_word' id='word_1_97' title='bbox 448 1047 548 1073; x_wconf 85' lang='lat' dir='ltr'>extra</span> <span class='ocrx_word' id='word_1_98' title='bbox 575 1035 745 1078; x_wconf 72' lang='lat' dir='ltr'>caussam,</span> <span class='ocrx_word' id='word_1_99' title='bbox 765 1044 804 1071; x_wconf 84' lang='lat' dir='ltr'>ut</span> <span class='ocrx_word' id='word_1_100' title='bbox 823 1034 874 1071; x_wconf 86' lang='lat' dir='ltr'>ita</span> <span class='ocrx_word' id='word_1_101' title='bbox 893 1035 1029 1079; x_wconf 85' lang='lat' dir='ltr'>dicam,</span> <span class='ocrx_word' id='word_1_102' title='bbox 1058 1038 1230 1088; x_wconf 75' lang='lat' dir='ltr'>politum,</span> <span class='ocrx_word' id='word_1_103' title='bbox 1249 1043 1344 1091; x_wconf 90' lang='lat' dir='ltr'>quod</span> <span class='ocrx_word' id='word_1_104' title='bbox 1366 1043 1456 1079; x_wconf 85' lang='lat' dir='ltr'>alius</span> 
     </span>
     <span class='ocr_line' id='line_1_13' title="bbox 137 1093 1458 1152; baseline 0.007 -22"><span class='ocrx_word' id='word_1_105' title='bbox 137 1093 244 1132; x_wconf 87' lang='lat' dir='ltr'>aliter</span> <span class='ocrx_word' id='word_1_106' title='bbox 272 1097 418 1134; x_wconf 78' lang='lat' dir='ltr'>eandem</span> <span class='ocrx_word' id='word_1_107' title='bbox 440 1095 597 1133; x_wconf 84' lang='lat' dir='ltr'>fabulam</span> <span class='ocrx_word' id='word_1_108' title='bbox 616 1093 797 1144; x_wconf 77' lang='lat' dir='ltr'>exposuit.</span> <span class='ocrx_word' id='word_1_109' title='bbox 852 1094 992 1132; x_wconf 78' lang='lat' dir='ltr'>Eodem</span> <span class='ocrx_word' id='word_1_110' title='bbox 1013 1098 1124 1134; x_wconf 85' lang='lat' dir='ltr'>modo</span> <span class='ocrx_word' id='word_1_111' title='bbox 1141 1098 1350 1138; x_wconf 84' lang='lat' dir='ltr'>diluendam</span> <span class='ocrx_word' id='word_1_112' title='bbox 1369 1110 1458 1152; x_wconf 84' lang='lat' dir='ltr'>puto</span> 
     </span>
     <span class='ocr_line' id='line_1_14' title="bbox 136 1153 1454 1205; baseline 0.006 -14"><span class='ocrx_word' id='word_1_113' title='bbox 136 1155 246 1194; x_wconf 89' lang='lat' dir='ltr'>aliam</span> <span class='ocrx_word' id='word_1_114' title='bbox 264 1157 544 1199; x_wconf 82' lang='lat' dir='ltr'>accusationem,</span> <span class='ocrx_word' id='word_1_115' title='bbox 573 1167 682 1205; x_wconf 83' lang='lat' dir='ltr'>quam</span> <span class='ocrx_word' id='word_1_116' title='bbox 700 1155 772 1192; x_wconf 87' lang='lat' dir='ltr'>viri</span> <span class='ocrx_word' id='word_1_117' title='bbox 798 1153 897 1191; x_wconf 71' lang='lat' dir='ltr'>doffi</span> <span class='ocrx_word' id='word_1_118' title='bbox 925 1169 1073 1193; x_wconf 80' lang='lat' dir='ltr'>acumen</span> <span class='ocrx_word' id='word_1_119' title='bbox 1092 1157 1132 1195; x_wconf 89' lang='lat' dir='ltr'>in</span> <span class='ocrx_word' id='word_1_120' title='bbox 1150 1160 1312 1199; x_wconf 88' lang='lat' dir='ltr'>medium</span> <span class='ocrx_word' id='word_1_121' title='bbox 1328 1162 1429 1198; x_wconf 83' lang='lat' dir='ltr'>affert</span> <span class='ocrx_word' id='word_1_122' title='bbox 1441 1173 1454 1199; x_wconf 72' lang='lat' dir='ltr'><strong><em>z</em></strong></span> 
     </span>
     <span class='ocr_line' id='line_1_15' title="bbox 134 1214 1455 1273; baseline 0.008 -22"><span class='ocrx_word' id='word_1_123' title='bbox 134 1214 180 1252; x_wconf 88' lang='lat' dir='ltr'>In</span> <span class='ocrx_word' id='word_1_124' title='bbox 207 1216 362 1267; x_wconf 77' lang='lat' dir='ltr'>Odyssea</span> <span class='ocrx_word' id='word_1_125' title='bbox 381 1217 444 1255; x_wconf 86' lang='lat' dir='ltr'>sub</span> <span class='ocrx_word' id='word_1_126' title='bbox 461 1225 621 1254; x_wconf 83' lang='lat' dir='ltr'>extrema</span> <span class='ocrx_word' id='word_1_127' title='bbox 639 1227 801 1252; x_wconf 86' lang='lat' dir='ltr'>errorum</span> <span class='ocrx_word' id='word_1_128' title='bbox 823 1214 956 1265; x_wconf 77' lang='lat' dir='ltr'>Ulyffis</span> <span class='ocrx_word' id='word_1_129' title='bbox 972 1227 1148 1267; x_wconf 80' lang='lat' dir='ltr'>tempora,</span> <span class='ocrx_word' id='word_1_130' title='bbox 1177 1221 1339 1273; x_wconf 84' lang='lat' dir='ltr'>adeoque</span> <span class='ocrx_word' id='word_1_131' title='bbox 1357 1234 1455 1260; x_wconf 88' lang='lat' dir='ltr'>nono</span> 
     </span>
     <span class='ocr_line' id='line_1_16' title="bbox 133 1273 1457 1326; baseline 0.007 -15"><span class='ocrx_word' id='word_1_132' title='bbox 133 1274 209 1313; x_wconf 85' lang='lat' dir='ltr'>fere</span> <span class='ocrx_word' id='word_1_133' title='bbox 239 1277 427 1314; x_wconf 76' lang='lat' dir='ltr'>decimove</span> <span class='ocrx_word' id='word_1_134' title='bbox 445 1289 538 1313; x_wconf 88' lang='lat' dir='ltr'>anno</span> <span class='ocrx_word' id='word_1_135' title='bbox 557 1274 632 1325; x_wconf 85' lang='lat' dir='ltr'>post</span> <span class='ocrx_word' id='word_1_136' title='bbox 657 1273 812 1324; x_wconf 84' lang='lat' dir='ltr'>Trojam</span> <span class='ocrx_word' id='word_1_137' title='bbox 840 1284 998 1326; x_wconf 74' lang='lat' dir='ltr'>captam,</span> <span class='ocrx_word' id='word_1_138' title='bbox 1028 1276 1270 1318; x_wconf 80' lang='lat' dir='ltr'>Telemachus</span> <span class='ocrx_word' id='word_1_139' title='bbox 1298 1284 1341 1320; x_wconf 82' lang='lat' dir='ltr'>ad</span> <span class='ocrx_word' id='word_1_140' title='bbox 1369 1281 1457 1319; x_wconf 83' lang='lat' dir='ltr'>Me-</span> 
     </span>
     <span class='ocr_line' id='line_1_17' title="bbox 133 1333 1454 1385; baseline 0.007 -14"><span class='ocrx_word' id='word_1_141' title='bbox 133 1335 277 1374; x_wconf 84' lang='lat' dir='ltr'>nelaum</span> <span class='ocrx_word' id='word_1_142' title='bbox 294 1336 408 1381; x_wconf 86' lang='lat' dir='ltr'>venit,</span> <span class='ocrx_word' id='word_1_143' title='bbox 426 1334 490 1385; x_wconf 85' lang='lat' dir='ltr'>qui</span> <span class='ocrx_word' id='word_1_144' title='bbox 507 1347 601 1371; x_wconf 89' lang='lat' dir='ltr'>anno</span> <span class='ocrx_word' id='word_1_145' title='bbox 621 1333 822 1384; x_wconf 77' lang='lat' dir='ltr'>superiore,</span> <span class='ocrx_word' id='word_1_146' title='bbox 848 1335 993 1372; x_wconf 58' lang='lat' dir='ltr'>octavus</span> <span class='ocrx_word' id='word_1_147' title='bbox 1011 1347 1100 1381; x_wconf 85' lang='lat' dir='ltr'>erat,</span> <span class='ocrx_word' id='word_1_148' title='bbox 1128 1338 1277 1378; x_wconf 84' lang='lat' dir='ltr'>domum</span> <span class='ocrx_word' id='word_1_149' title='bbox 1298 1342 1454 1380; x_wconf 84' lang='lat' dir='ltr'>redierat</span> 
     </span>
     <span class='ocr_line' id='line_1_18' title="bbox 133 1393 1453 1451; baseline 0.005 -18"><span class='ocrx_word' id='word_1_150' title='bbox 133 1393 210 1432; x_wconf 81' lang='lat' dir='ltr'>Od·</span> <span class='ocrx_word' id='word_1_151' title='bbox 242 1414 281 1444; x_wconf 72' lang='grc' dir='ltr'>γ,</span> <span class='ocrx_word' id='word_1_152' title='bbox 311 1398 397 1445; x_wconf 85' lang='lat'>306.</span> <span class='ocrx_word' id='word_1_153' title='bbox 425 1394 457 1438; x_wconf 72' lang='grc' dir='ltr'>δ,</span> <span class='ocrx_word' id='word_1_154' title='bbox 488 1396 566 1442; x_wconf 81' lang='lat'><strong>82).</strong></span> <span class='ocrx_word' id='word_1_155' title='bbox 623 1393 762 1430; x_wconf 84' lang='lat' dir='ltr'>Incidit</span> <span class='ocrx_word' id='word_1_156' title='bbox 795 1393 1035 1432; x_wconf 80' lang='lat' dir='ltr'>Telemachus</span> <span class='ocrx_word' id='word_1_157' title='bbox 1067 1395 1103 1433; x_wconf 89' lang='lat' dir='ltr'>in</span> <span class='ocrx_word' id='word_1_158' title='bbox 1132 1409 1340 1447; x_wconf 85' lang='lat' dir='ltr'>apparatum</span> <span class='ocrx_word' id='word_1_159' title='bbox 1360 1415 1453 1451; x_wconf 89' lang='lat' dir='ltr'>nup-</span> 
     </span>
     <span class='ocr_line' id='line_1_19' title="bbox 128 1451 1452 1510; baseline 0.005 -19"><span class='ocrx_word' id='word_1_160' title='bbox 128 1453 261 1493; x_wconf 84' lang='lat' dir='ltr'>tiarum</span> <span class='ocrx_word' id='word_1_161' title='bbox 298 1453 517 1492; x_wconf 82' lang='lat' dir='ltr'>Hermiones</span> <span class='ocrx_word' id='word_1_162' title='bbox 552 1451 597 1489; x_wconf 87' lang='lat' dir='ltr'>ad</span> <span class='ocrx_word' id='word_1_163' title='bbox 635 1451 813 1502; x_wconf 88' lang='lat' dir='ltr'>Pyrrhum</span> <span class='ocrx_word' id='word_1_164' title='bbox 841 1452 1041 1498; x_wconf 76' lang='lat' dir='ltr'>mittenda—2,</span> <span class='ocrx_word' id='word_1_165' title='bbox 1073 1455 1149 1493; x_wconf 91' lang='lat' dir='ltr'>Od.</span> <span class='ocrx_word' id='word_1_166' title='bbox 1185 1457 1218 1502; x_wconf 77' lang='grc' dir='ltr'>δ,</span> <span class='ocrx_word' id='word_1_167' title='bbox 1257 1472 1313 1509; x_wconf 90' lang='lat' dir='ltr'>pr.</span> <span class='ocrx_word' id='word_1_168' title='bbox 1367 1461 1452 1510; x_wconf 88' lang='lat' dir='ltr'>Jam</span> 
     </span>
     <span class='ocr_line' id='line_1_20' title="bbox 129 1512 1452 1571; baseline 0.001 -19"><span class='ocrx_word' id='word_1_169' title='bbox 129 1513 308 1564; x_wconf 82' lang='lat' dir='ltr'>Pyrrhum</span> <span class='ocrx_word' id='word_1_170' title='bbox 339 1512 653 1561; x_wconf 61' lang='lat' dir='ltr'>occidit—erepte</span> <span class='ocrx_word' id='word_1_171' title='bbox 685 1527 804 1562; x_wconf 75' lang='lat' dir='ltr'>magno</span> <span class='ocrx_word' id='word_1_172' title='bbox 834 1515 1059 1559; x_wconf 76' lang='lat' dir='ltr'>inflammatus</span> <span class='ocrx_word' id='word_1_173' title='bbox 1089 1531 1198 1553; x_wconf 79' lang='lat' dir='ltr'>amore</span> <span class='ocrx_word' id='word_1_174' title='bbox 1233 1519 1392 1571; x_wconf 56' lang='lat' dir='ltr'>C0737&#39;7431&#39;5</span> <span class='ocrx_word' id='word_1_175' title='bbox 1418 1530 1452 1557; x_wconf 85' lang='lat' dir='ltr'>et</span> 
     </span>
     <span class='ocr_line' id='line_1_21' title="bbox 113 1571 1451 1628; baseline 0.01 -24"><span class='ocrx_word' id='word_1_176' title='bbox 113 1575 278 1624; x_wconf 64' lang='lat' dir='ltr'>scelerum</span> <span class='ocrx_word' id='word_1_177' title='bbox 291 1580 404 1627; x_wconf 73' lang='lat' dir='ltr'><em>furiis</em></span> <span class='ocrx_word' id='word_1_178' title='bbox 421 1579 568 1626; x_wconf 79' lang='lat' dir='ltr'>agitatus</span> <span class='ocrx_word' id='word_1_179' title='bbox 591 1573 720 1621; x_wconf 68' lang='lat' dir='ltr'>Orzstes</span> <span class='ocrx_word' id='word_1_180' title='bbox 748 1571 832 1610; x_wconf 86' lang='lat' dir='ltr'>AEn.</span> <span class='ocrx_word' id='word_1_181' title='bbox 863 1572 937 1617; x_wconf 85' lang='lat' dir='ltr'>III,</span> <span class='ocrx_word' id='word_1_182' title='bbox 968 1587 1040 1624; x_wconf 82' lang='lat'>330</span> <span class='ocrx_word' id='word_1_183' title='bbox 1063 1574 1133 1625; x_wconf 65' lang='lat' dir='ltr'>sq„</span> <span class='ocrx_word' id='word_1_184' title='bbox 1161 1589 1234 1626; x_wconf 90' lang='lat' dir='ltr'>quo</span> <span class='ocrx_word' id='word_1_185' title='bbox 1262 1579 1357 1616; x_wconf 69' lang='lat' dir='ltr'>fac&#39;to</span> <span class='ocrx_word' id='word_1_186' title='bbox 1375 1581 1451 1628; x_wconf 84' lang='lat' dir='ltr'>ejus</span> 
     </span>
     <span class='ocr_line' id='line_1_22' title="bbox 125 1630 1451 1690; baseline 0.005 -19"><span class='ocrx_word' id='word_1_187' title='bbox 125 1635 275 1684; x_wconf 87' lang='lat' dir='ltr'>conjux,</span> <span class='ocrx_word' id='word_1_188' title='bbox 318 1632 594 1676; x_wconf 78' lang='lat' dir='ltr'>Andromache,</span> <span class='ocrx_word' id='word_1_189' title='bbox 633 1631 730 1668; x_wconf 80' lang='lat' dir='ltr'>ccffit</span> <span class='ocrx_word' id='word_1_190' title='bbox 766 1630 911 1669; x_wconf 84' lang='lat' dir='ltr'>Heleno</span> <span class='ocrx_word' id='word_1_191' title='bbox 947 1645 1018 1670; x_wconf 88' lang='lat' dir='ltr'>una</span> <span class='ocrx_word' id='word_1_192' title='bbox 1062 1646 1144 1672; x_wconf 89' lang='lat' dir='ltr'>cum</span> <span class='ocrx_word' id='word_1_193' title='bbox 1179 1648 1293 1687; x_wconf 88' lang='lat' dir='ltr'>regno</span> <span class='ocrx_word' id='word_1_194' title='bbox 1341 1639 1451 1690; x_wconf 85' lang='lat' dir='ltr'>partis</span> 
     </span>
     <span class='ocr_line' id='line_1_23' title="bbox 128 1690 1452 1744; baseline 0.005 -14"><span class='ocrx_word' id='word_1_195' title='bbox 128 1691 234 1743; x_wconf 85' lang='lat' dir='ltr'>Epiri</span> <span class='ocrx_word' id='word_1_196' title='bbox 251 1708 284 1730; x_wconf 86' lang='lat' dir='ltr'>v.</span> <span class='ocrx_word' id='word_1_197' title='bbox 307 1706 380 1742; x_wconf 84' lang='lat'>294</span> <span class='ocrx_word' id='word_1_198' title='bbox 398 1693 451 1742; x_wconf 86' lang='lat' dir='ltr'>sq.</span> <span class='ocrx_word' id='word_1_199' title='bbox 507 1691 689 1741; x_wconf 80' lang='lat' dir='ltr'>Tempora</span> <span class='ocrx_word' id='word_1_200' title='bbox 707 1690 745 1727; x_wconf 86' lang='lat' dir='ltr'>in</span> <span class='ocrx_word' id='word_1_201' title='bbox 774 1690 830 1728; x_wconf 79' lang='lat' dir='ltr'>his</span> <span class='ocrx_word' id='word_1_202' title='bbox 846 1705 867 1728; x_wconf 83' lang='lat' dir='ltr'>a</span> <span class='ocrx_word' id='word_1_203' title='bbox 885 1690 1049 1743; x_wconf 78' lang='lat' dir='ltr'>Virgilio</span> <span class='ocrx_word' id='word_1_204' title='bbox 1075 1695 1290 1744; x_wconf 79' lang='lat' dir='ltr'>perturbari,</span> <span class='ocrx_word' id='word_1_205' title='bbox 1321 1697 1344 1735; x_wconf 86' lang='lat' dir='ltr'>fi</span> <span class='ocrx_word' id='word_1_206' title='bbox 1368 1698 1452 1736; x_wconf 86' lang='lat' dir='ltr'>Ho-</span> 
     </span>
     <span class='ocr_line' id='line_1_24' title="bbox 125 1748 1446 1809; baseline 0.005 -19"><span class='ocrx_word' id='word_1_207' title='bbox 125 1765 264 1790; x_wconf 87' lang='lat' dir='ltr'>merum</span> <span class='ocrx_word' id='word_1_208' title='bbox 297 1763 497 1802; x_wconf 73' lang='lat' dir='ltr'>compareS,</span> <span class='ocrx_word' id='word_1_209' title='bbox 534 1748 764 1786; x_wconf 87' lang='lat' dir='ltr'>manifestum</span> <span class='ocrx_word' id='word_1_210' title='bbox 799 1750 866 1796; x_wconf 82' lang='lat' dir='ltr'>fit3</span> <span class='ocrx_word' id='word_1_211' title='bbox 909 1751 1075 1802; x_wconf 86' lang='lat' dir='ltr'>appulsus</span> <span class='ocrx_word' id='word_1_212' title='bbox 1109 1754 1208 1809; x_wconf 85' lang='lat' dir='ltr'>enim</span> <span class='ocrx_word' id='word_1_213' title='bbox 1245 1757 1367 1795; x_wconf 80' lang='lat' dir='ltr'>AEneae</span> <span class='ocrx_word' id='word_1_214' title='bbox 1400 1759 1446 1795; x_wconf 87' lang='lat' dir='ltr'>ad</span> 
     </span>
     <span class='ocr_line' id='line_1_25' title="bbox 126 1808 1447 1863; baseline 0.006 -16"><span class='ocrx_word' id='word_1_215' title='bbox 126 1810 281 1863; x_wconf 89' lang='lat' dir='ltr'>Epirum</span> <span class='ocrx_word' id='word_1_216' title='bbox 308 1820 437 1861; x_wconf 86' lang='lat' dir='ltr'>quarto</span> <span class='ocrx_word' id='word_1_217' title='bbox 454 1821 476 1846; x_wconf 91' lang='lat' dir='ltr'>a</span> <span class='ocrx_word' id='word_1_218' title='bbox 494 1808 610 1859; x_wconf 85' lang='lat' dir='ltr'>Troja</span> <span class='ocrx_word' id='word_1_219' title='bbox 637 1818 743 1859; x_wconf 75' lang='lat' dir='ltr'>capta</span> <span class='ocrx_word' id='word_1_220' title='bbox 774 1822 869 1847; x_wconf 88' lang='lat' dir='ltr'>anno</span> <span class='ocrx_word' id='word_1_221' title='bbox 898 1811 1012 1848; x_wconf 64' lang='lat' dir='ltr'>fastus</span> <span class='ocrx_word' id='word_1_222' title='bbox 1044 1822 1144 1850; x_wconf 88' lang='lat' dir='ltr'>erat:</span> <span class='ocrx_word' id='word_1_223' title='bbox 1174 1828 1209 1852; x_wconf 81' lang='lat' dir='ltr'>v.</span> <span class='ocrx_word' id='word_1_224' title='bbox 1231 1815 1322 1856; x_wconf 80' lang='lat' dir='ltr'>Exc.</span> <span class='ocrx_word' id='word_1_225' title='bbox 1342 1818 1380 1854; x_wconf 89' lang='lat' dir='ltr'>II</span> <span class='ocrx_word' id='word_1_226' title='bbox 1399 1818 1447 1855; x_wconf 88' lang='lat' dir='ltr'>ad</span> 
     </span>
     <span class='ocr_line' id='line_1_26' title="bbox 123 1867 1446 1928; baseline 0.009 -24"><span class='ocrx_word' id='word_1_227' title='bbox 123 1870 194 1913; x_wconf 81' lang='lat' dir='ltr'>lib.</span> <span class='ocrx_word' id='word_1_228' title='bbox 212 1870 285 1913; x_wconf 93' lang='lat' dir='ltr'>III,</span> <span class='ocrx_word' id='word_1_229' title='bbox 304 1883 340 1920; x_wconf 87' lang='lat' dir='ltr'>p.</span> <span class='ocrx_word' id='word_1_230' title='bbox 358 1882 447 1919; x_wconf 85' lang='lat'><strong>424·</strong></span> <span class='ocrx_word' id='word_1_231' title='bbox 467 1880 514 1917; x_wconf 82' lang='lat'>42</span> <span class='ocrx_word' id='word_1_232' title='bbox 525 1881 558 1918; x_wconf 79' lang='grc' dir='ltr'>ς.</span> <span class='ocrx_word' id='word_1_233' title='bbox 613 1867 812 1906; x_wconf 85' lang='lat' dir='ltr'>Enimvero</span> <span class='ocrx_word' id='word_1_234' title='bbox 829 1869 924 1907; x_wconf 85' lang='lat' dir='ltr'>ratio</span> <span class='ocrx_word' id='word_1_235' title='bbox 943 1869 981 1907; x_wconf 92' lang='lat' dir='ltr'>in</span> <span class='ocrx_word' id='word_1_236' title='bbox 999 1870 1068 1908; x_wconf 91' lang='lat' dir='ltr'>hoc</span> <span class='ocrx_word' id='word_1_237' title='bbox 1086 1873 1211 1911; x_wconf 84' lang='lat' dir='ltr'>eadem</span> <span class='ocrx_word' id='word_1_238' title='bbox 1230 1876 1291 1919; x_wconf 87' lang='lat' dir='ltr'>est,</span> <span class='ocrx_word' id='word_1_239' title='bbox 1311 1891 1391 1928; x_wconf 85' lang='lat' dir='ltr'>quae</span> <span class='ocrx_word' id='word_1_240' title='bbox 1407 1878 1446 1916; x_wconf 85' lang='lat' dir='ltr'>in</span> 
     </span>
     <span class='ocr_line' id='line_1_27' title="bbox 121 1927 1447 1986; baseline 0.002 -18"><span class='ocrx_word' id='word_1_241' title='bbox 121 1929 307 1980; x_wconf 87' lang='lat' dir='ltr'>superiore</span> <span class='ocrx_word' id='word_1_242' title='bbox 341 1927 622 1979; x_wconf 82' lang='lat' dir='ltr'>reprehenfione.</span> <span class='ocrx_word' id='word_1_243' title='bbox 679 1927 779 1965; x_wconf 80' lang='lat' dir='ltr'>Tum</span> <span class='ocrx_word' id='word_1_244' title='bbox 824 1929 974 1966; x_wconf 91' lang='lat' dir='ltr'>omnino</span> <span class='ocrx_word' id='word_1_245' title='bbox 1009 1929 1142 1968; x_wconf 89' lang='lat' dir='ltr'>fabulae</span> <span class='ocrx_word' id='word_1_246' title='bbox 1173 1932 1322 1980; x_wconf 87' lang='lat' dir='ltr'>Orestis,</span> <span class='ocrx_word' id='word_1_247' title='bbox 1358 1936 1447 1986; x_wconf 74' lang='lat' dir='ltr'>Pyr.</span> 
     </span>
     <span class='ocr_line' id='line_1_28' title="bbox 125 1985 1444 2044; baseline 0.008 -22"><span class='ocrx_word' id='word_1_248' title='bbox 125 1989 197 2034; x_wconf 77' lang='lat' dir='ltr'>rbi,</span> <span class='ocrx_word' id='word_1_249' title='bbox 227 1999 264 2027; x_wconf 84' lang='lat' dir='ltr'>et</span> <span class='ocrx_word' id='word_1_250' title='bbox 295 1986 430 2024; x_wconf 87' lang='lat' dir='ltr'>Heleni</span> <span class='ocrx_word' id='word_1_251' title='bbox 462 1996 536 2023; x_wconf 90' lang='lat' dir='ltr'>tam</span> <span class='ocrx_word' id='word_1_252' title='bbox 569 1985 715 2024; x_wconf 85' lang='lat' dir='ltr'>diverfis</span> <span class='ocrx_word' id='word_1_253' title='bbox 745 1986 863 2025; x_wconf 87' lang='lat' dir='ltr'>modis</span> <span class='ocrx_word' id='word_1_254' title='bbox 891 1989 1048 2026; x_wconf 70' lang='lat' dir='ltr'>trastatae</span> <span class='ocrx_word' id='word_1_255' title='bbox 1078 1988 1192 2036; x_wconf 75' lang='lat' dir='ltr'>fuere,</span> <span class='ocrx_word' id='word_1_256' title='bbox 1226 1993 1393 2044; x_wconf 86' lang='lat' dir='ltr'>inprimis</span> <span class='ocrx_word' id='word_1_257' title='bbox 1422 2008 1444 2034; x_wconf 86' lang='lat' dir='ltr'>a</span> 
     </span>
     <span class='ocr_line' id='line_1_29' title="bbox 125 2045 1444 2100; baseline 0.005 -14"><span class='ocrx_word' id='word_1_258' title='bbox 125 2049 289 2100; x_wconf 74' lang='lat' dir='ltr'>tragicis,</span> <span class='ocrx_word' id='word_1_259' title='bbox 302 2058 342 2085; x_wconf 91' lang='lat' dir='ltr'>ut</span> <span class='ocrx_word' id='word_1_260' title='bbox 362 2045 522 2096; x_wconf 85' lang='lat' dir='ltr'>fingendi</span> <span class='ocrx_word' id='word_1_261' title='bbox 540 2045 695 2083; x_wconf 88' lang='lat' dir='ltr'>liberum</span> <span class='ocrx_word' id='word_1_262' title='bbox 710 2047 792 2084; x_wconf 81' lang='lat' dir='ltr'>esset</span> <span class='ocrx_word' id='word_1_263' title='bbox 812 2047 1020 2086; x_wconf 86' lang='lat' dir='ltr'>arbitrium.</span> <span class='ocrx_word' id='word_1_264' title='bbox 1076 2048 1185 2088; x_wconf 65' lang='lat' dir='ltr'>Diesa</span> <span class='ocrx_word' id='word_1_265' title='bbox 1205 2050 1286 2089; x_wconf 89' lang='lat' dir='ltr'>satis</span> <span class='ocrx_word' id='word_1_266' title='bbox 1304 2054 1350 2091; x_wconf 89' lang='lat' dir='ltr'>de</span> <span class='ocrx_word' id='word_1_267' title='bbox 1376 2056 1444 2094; x_wconf 87' lang='lat' dir='ltr'>hoc</span> 
     </span>
    </p>
   </div>
   <div class='ocr_carea' id='block_1_3' title="bbox 119 2105 1443 2636">
    <p class='ocr_par' dir='ltr' id='par_1_4' title="bbox 119 2105 1443 2636">
     <span class='ocr_line' id='line_1_30' title="bbox 124 2105 1442 2162; baseline 0.005 -16"><span class='ocrx_word' id='word_1_268' title='bbox 124 2121 281 2160; x_wconf 91' lang='lat' dir='ltr'>quoque.</span> <span class='ocrx_word' id='word_1_269' title='bbox 301 2107 393 2145; x_wconf 80' lang='lat' dir='ltr'>Exc.</span> <span class='ocrx_word' id='word_1_270' title='bbox 415 2105 454 2143; x_wconf 88' lang='grc' dir='ltr'>Χ</span> <span class='ocrx_word' id='word_1_271' title='bbox 473 2105 518 2143; x_wconf 86' lang='lat' dir='ltr'>ad</span> <span class='ocrx_word' id='word_1_272' title='bbox 537 2105 604 2144; x_wconf 86' lang='lat' dir='ltr'>lib.</span> <span class='ocrx_word' id='word_1_273' title='bbox 631 2106 690 2143; x_wconf 89' lang='lat' dir='ltr'>III</span> <span class='ocrx_word' id='word_1_274' title='bbox 710 2107 822 2146; x_wconf 84' lang='lat' dir='ltr'>Tom.</span> <span class='ocrx_word' id='word_1_275' title='bbox 843 2107 897 2152; x_wconf 85' lang='grc' dir='ltr'>Π,</span> <span class='ocrx_word' id='word_1_276' title='bbox 929 2121 967 2159; x_wconf 89' lang='lat' dir='ltr'>p.</span> <span class='ocrx_word' id='word_1_277' title='bbox 986 2111 1076 2160; x_wconf 80' lang='lat'><strong>436,</strong></span> <span class='ocrx_word' id='word_1_278' title='bbox 1102 2124 1192 2162; x_wconf 81' lang='lat'><strong>437.</strong></span> <span class='ocrx_word' id='word_1_279' title='bbox 1223 2110 1314 2152; x_wconf 86' lang='lat' dir='ltr'>Exc.</span> <span class='ocrx_word' id='word_1_280' title='bbox 1347 2115 1442 2161; x_wconf 82' lang='grc' dir='ltr'>ΧΠ,</span> 
     </span>
     <span class='ocr_line' id='line_1_31' title="bbox 152 2172 269 2217; baseline 0 -12"><span class='ocrx_word' id='word_1_281' title='bbox 152 2196 161 2205; x_wconf 92' lang='grc'><strong>.</strong></span> <span class='ocrx_word' id='word_1_282' title='bbox 180 2172 269 2217; x_wconf 87' lang='lat'>438.</span> 
     </span>
     <span class='ocr_line' id='line_1_32' title="bbox 124 2182 1443 2277; baseline 0.009 -14"><span class='ocrx_word' id='word_1_283' title='bbox 124 2182 148 2220; x_wconf 77' lang='lat' dir='ltr'>p</span> <span class='ocrx_word' id='word_1_284' title='bbox 175 2228 234 2266; x_wconf 89' lang='lat' dir='ltr'>De</span> <span class='ocrx_word' id='word_1_285' title='bbox 264 2226 322 2271; x_wconf 83' lang='lat' dir='ltr'>iis,</span> <span class='ocrx_word' id='word_1_286' title='bbox 349 2240 429 2277; x_wconf 83' lang='lat' dir='ltr'>quae</span> <span class='ocrx_word' id='word_1_287' title='bbox 455 2226 495 2263; x_wconf 83' lang='lat' dir='ltr'>in</span> <span class='ocrx_word' id='word_1_288' title='bbox 526 2226 585 2264; x_wconf 82' lang='lat' dir='ltr'>sex</span> <span class='ocrx_word' id='word_1_289' title='bbox 604 2225 856 2277; x_wconf 82' lang='lat' dir='ltr'>posterioribus</span> <span class='ocrx_word' id='word_1_290' title='bbox 873 2226 978 2265; x_wconf 88' lang='lat' dir='ltr'>libris</span> <span class='ocrx_word' id='word_1_291' title='bbox 1007 2240 1203 2269; x_wconf 87' lang='lat' dir='ltr'>occurrunt</span> <span class='ocrx_word' id='word_1_292' title='bbox 1221 2233 1329 2272; x_wconf 85' lang='lat' dir='ltr'>fimili</span> <span class='ocrx_word' id='word_1_293' title='bbox 1347 2237 1443 2276; x_wconf 87' lang='lat' dir='ltr'>diffi-</span> 
     </span>
     <span class='ocr_line' id='line_1_33' title="bbox 123 2286 1441 2340; baseline 0.006 -14"><span class='ocrx_word' id='word_1_294' title='bbox 123 2288 250 2327; x_wconf 88' lang='lat' dir='ltr'>cultati</span> <span class='ocrx_word' id='word_1_295' title='bbox 269 2286 463 2337; x_wconf 86' lang='lat' dir='ltr'>implicita,</span> <span class='ocrx_word' id='word_1_296' title='bbox 491 2286 561 2324; x_wconf 76' lang='lat' dir='ltr'>suis</span> <span class='ocrx_word' id='word_1_297' title='bbox 580 2286 700 2337; x_wconf 71' lang='lat' dir='ltr'>passim</span> <span class='ocrx_word' id='word_1_298' title='bbox 732 2286 823 2324; x_wconf 88' lang='lat' dir='ltr'>locis</span> <span class='ocrx_word' id='word_1_299' title='bbox 839 2296 901 2325; x_wconf 86' lang='lat' dir='ltr'>aut</span> <span class='ocrx_word' id='word_1_300' title='bbox 920 2290 1087 2340; x_wconf 84' lang='lat' dir='ltr'>expedita</span> <span class='ocrx_word' id='word_1_301' title='bbox 1105 2302 1167 2328; x_wconf 85' lang='lat' dir='ltr'>aut</span> <span class='ocrx_word' id='word_1_302' title='bbox 1188 2292 1307 2332; x_wconf 84' lang='lat' dir='ltr'>saltem</span> <span class='ocrx_word' id='word_1_303' title='bbox 1328 2309 1441 2334; x_wconf 89' lang='lat' dir='ltr'>anno-</span> 
     </span>
     <span class='ocr_line' id='line_1_34' title="bbox 123 2345 1439 2399; baseline 0.007 -13"><span class='ocrx_word' id='word_1_304' title='bbox 123 2359 196 2386; x_wconf 88' lang='lat' dir='ltr'>tata</span> <span class='ocrx_word' id='word_1_305' title='bbox 218 2349 296 2385; x_wconf 87' lang='lat' dir='ltr'>sunt</span> <span class='ocrx_word' id='word_1_306' title='bbox 308 2347 345 2385; x_wconf 41' lang='grc' dir='ltr'>ἥ.</span> <span class='ocrx_word' id='word_1_307' title='bbox 400 2345 526 2383; x_wconf 87' lang='lat' dir='ltr'>Unum</span> <span class='ocrx_word' id='word_1_308' title='bbox 550 2347 611 2389; x_wconf 83' lang='lat' dir='ltr'>est,</span> <span class='ocrx_word' id='word_1_309' title='bbox 631 2347 729 2396; x_wconf 86' lang='lat' dir='ltr'>quod</span> <span class='ocrx_word' id='word_1_310' title='bbox 749 2360 821 2384; x_wconf 90' lang='lat' dir='ltr'>non</span> <span class='ocrx_word' id='word_1_311' title='bbox 849 2347 966 2386; x_wconf 83' lang='lat' dir='ltr'>habeo</span> <span class='ocrx_word' id='word_1_312' title='bbox 992 2351 1179 2399; x_wconf 88' lang='lat' dir='ltr'>quomodo</span> <span class='ocrx_word' id='word_1_313' title='bbox 1210 2353 1291 2391; x_wconf 72' lang='lat' dir='ltr'>satis</span> <span class='ocrx_word' id='word_1_314' title='bbox 1314 2357 1439 2395; x_wconf 85' lang='lat' dir='ltr'>defen-</span> 
     </span>
     <span class='ocr_line' id='line_1_35' title="bbox 120 2405 1438 2457; baseline 0.007 -12"><span class='ocrx_word' id='word_1_315' title='bbox 120 2410 221 2452; x_wconf 80' lang='lat' dir='ltr'>dam,</span> <span class='ocrx_word' id='word_1_316' title='bbox 253 2405 351 2457; x_wconf 82' lang='lat' dir='ltr'>quod</span> <span class='ocrx_word' id='word_1_317' title='bbox 380 2405 580 2456; x_wconf 85' lang='lat' dir='ltr'>templum&#39;</span> <span class='ocrx_word' id='word_1_318' title='bbox 571 2418 611 2442; x_wconf 88' lang='lat' dir='ltr'>1n</span> <span class='ocrx_word' id='word_1_319' title='bbox 645 2407 731 2442; x_wconf 88' lang='lat' dir='ltr'>urbe</span> <span class='ocrx_word' id='word_1_320' title='bbox 750 2406 971 2444; x_wconf 80' lang='lat' dir='ltr'>Laurentum</span> <span class='ocrx_word' id='word_1_321' title='bbox 1001 2422 1021 2445; x_wconf 92' lang='lat' dir='ltr'>a</span> <span class='ocrx_word' id='word_1_322' title='bbox 1049 2409 1136 2447; x_wconf 89' lang='lat' dir='ltr'>Pico</span> <span class='ocrx_word' id='word_1_323' title='bbox 1154 2412 1344 2452; x_wconf 85' lang='lat' dir='ltr'>conditum</span> <span class='ocrx_word' id='word_1_324' title='bbox 1366 2431 1438 2455; x_wconf 88' lang='lat' dir='ltr'>non</span> 
     </span>
     <span class='ocr_line' id='line_1_36' title="bbox 120 2464 1439 2526; baseline 0.002 -21"><span class='ocrx_word' id='word_1_325' title='bbox 120 2467 231 2505; x_wconf 87' lang='lat' dir='ltr'>modo</span> <span class='ocrx_word' id='word_1_326' title='bbox 261 2476 335 2502; x_wconf 85' lang='lat' dir='ltr'>tam</span> <span class='ocrx_word' id='word_1_327' title='bbox 365 2464 550 2515; x_wconf 82' lang='lat' dir='ltr'>splendide</span> <span class='ocrx_word' id='word_1_328' title='bbox 574 2466 779 2502; x_wconf 68' lang='lat' dir='ltr'>extruftum</span> <span class='ocrx_word' id='word_1_329' title='bbox 797 2474 833 2502; x_wconf 90' lang='lat' dir='ltr'>et</span> <span class='ocrx_word' id='word_1_330' title='bbox 852 2476 1017 2503; x_wconf 88' lang='lat' dir='ltr'>ornatum</span> <span class='ocrx_word' id='word_1_331' title='bbox 1036 2480 1310 2516; x_wconf 87' lang='lat' dir='ltr'>commemorat,</span> <span class='ocrx_word' id='word_1_332' title='bbox 1339 2475 1439 2526; x_wconf 68' lang='lat' dir='ltr'>figna</span> 
     </span>
     <span class='ocr_line' id='line_1_37' title="bbox 119 2522 1437 2576; baseline 0.008 -15"><span class='ocrx_word' id='word_1_333' title='bbox 119 2526 296 2573; x_wconf 86' lang='lat' dir='ltr'>majorum</span> <span class='ocrx_word' id='word_1_334' title='bbox 324 2523 361 2560; x_wconf 88' lang='lat' dir='ltr'>in</span> <span class='ocrx_word' id='word_1_335' title='bbox 395 2523 568 2560; x_wconf 88' lang='lat' dir='ltr'>vestibulo</span> <span class='ocrx_word' id='word_1_336' title='bbox 598 2522 763 2573; x_wconf 86' lang='lat' dir='ltr'>apponit,</span> <span class='ocrx_word' id='word_1_337' title='bbox 798 2535 921 2561; x_wconf 90' lang='lat' dir='ltr'>verum</span> <span class='ocrx_word' id='word_1_338' title='bbox 948 2525 1058 2562; x_wconf 80' lang='lat' dir='ltr'>etiam</span> <span class='ocrx_word' id='word_1_339' title='bbox 1079 2525 1207 2576; x_wconf 84' lang='lat' dir='ltr'>spolia,</span> <span class='ocrx_word' id='word_1_340' title='bbox 1236 2532 1382 2570; x_wconf 85' lang='lat' dir='ltr'>exuvias</span> <span class='ocrx_word' id='word_1_341' title='bbox 1399 2543 1437 2571; x_wconf 77' lang='lat' dir='ltr'>et</span> 
     </span>
     <span class='ocr_line' id='line_1_38' title="bbox 119 2581 1434 2636; baseline 0.007 -15"><span class='ocrx_word' id='word_1_342' title='bbox 119 2594 266 2634; x_wconf 85' lang='lat' dir='ltr'>tropaea,</span> <span class='ocrx_word' id='word_1_343' title='bbox 294 2581 487 2632; x_wconf 83' lang='lat' dir='ltr'>V11,183</span> <span class='ocrx_word' id='word_1_344' title='bbox 508 2581 583 2632; x_wconf 90' lang='lat' dir='ltr'>sqq.</span> <span class='ocrx_word' id='word_1_345' title='bbox 576 2609 603 2625; x_wconf 90' lang='lat'>.,</span> <span class='ocrx_word' id='word_1_346' title='bbox 630 2592 665 2619; x_wconf 90' lang='lat' dir='ltr'>et</span> <span class='ocrx_word' id='word_1_347' title='bbox 685 2581 724 2619; x_wconf 84' lang='lat' dir='ltr'>in</span> <span class='ocrx_word' id='word_1_348' title='bbox 742 2581 797 2618; x_wconf 84' lang='lat' dir='ltr'>his</span> <span class='ocrx_word' id='word_1_349' title='bbox 826 2583 917 2620; x_wconf 87' lang='lat' dir='ltr'>adeo</span> <span class='ocrx_word' id='word_1_350' title='bbox 944 2595 1057 2635; x_wconf 73' lang='lat' dir='ltr'>erepta</span> <span class='ocrx_word' id='word_1_351' title='bbox 1091 2587 1191 2636; x_wconf 65' lang='lat' dir='ltr'>rqstra</span> <span class='ocrx_word' id='word_1_352' title='bbox 1213 2597 1364 2629; x_wconf 78' lang='lat' dir='ltr'>carinis:</span> <span class='ocrx_word' id='word_1_353' title='bbox 1392 2606 1434 2631; x_wconf 88' lang='lat' dir='ltr'>ac</span> 
     </span>
    </p>
   </div>
   <div class='ocr_carea' id='block_1_4' title="bbox 118 2693 1439 2789">
    <p class='ocr_par' dir='ltr' id='par_1_5' title="bbox 118 2693 1439 2789">
     <span class='ocr_line' id='line_1_39' title="bbox 163 2693 1439 2737; baseline -0.002 -12"><span class='ocrx_word' id='word_1_354' title='bbox 163 2696 182 2714; x_wconf 45' lang='grc' dir='ltr'><em>ἃ</em></span> <span class='ocrx_word' id='word_1_355' title='bbox 206 2695 248 2725; x_wconf 92' lang='lat' dir='ltr'>V.</span> <span class='ocrx_word' id='word_1_356' title='bbox 267 2704 295 2725; x_wconf 88' lang='lat' dir='ltr'>c.</span> <span class='ocrx_word' id='word_1_357' title='bbox 312 2693 351 2725; x_wconf 88' lang='lat' dir='ltr'>de</span> <span class='ocrx_word' id='word_1_358' title='bbox 378 2693 475 2725; x_wconf 85' lang='lat' dir='ltr'>armis</span> <span class='ocrx_word' id='word_1_359' title='bbox 496 2693 572 2726; x_wconf 79' lang='lat' dir='ltr'>caelo</span> <span class='ocrx_word' id='word_1_360' title='bbox 600 2693 736 2724; x_wconf 79' lang='lat' dir='ltr'>demissis</span> <span class='ocrx_word' id='word_1_361' title='bbox 750 2693 791 2725; x_wconf 83' lang='lat' dir='ltr'>ad</span> <span class='ocrx_word' id='word_1_362' title='bbox 806 2695 976 2736; x_wconf 82' lang='lat' dir='ltr'>Vlll‚520</span> <span class='ocrx_word' id='word_1_363' title='bbox 998 2702 1031 2728; x_wconf 78' lang='lat' dir='ltr'>et</span> <span class='ocrx_word' id='word_1_364' title='bbox 1053 2695 1129 2735; x_wconf 79' lang='lat'><em>608,</em></span> <span class='ocrx_word' id='word_1_365' title='bbox 1150 2697 1189 2730; x_wconf 71' lang='lat' dir='ltr'>de</span> <span class='ocrx_word' id='word_1_366' title='bbox 1204 2699 1319 2732; x_wconf 70' lang='lat' dir='ltr'>Turno</span> <span class='ocrx_word' id='word_1_367' title='bbox 1344 2711 1439 2737; x_wconf 60' lang='lat' dir='ltr'>arma,</span> 
     </span>
     <span class='ocr_line' id='line_1_40' title="bbox 118 2744 788 2789; baseline -0.001 -12"><span class='ocrx_word' id='word_1_368' title='bbox 118 2745 302 2789; x_wconf 76' lang='lat' dir='ltr'>explorante</span> <span class='ocrx_word' id='word_1_369' title='bbox 321 2745 371 2775; x_wconf 85' lang='lat' dir='ltr'>die</span> <span class='ocrx_word' id='word_1_370' title='bbox 389 2753 462 2776; x_wconf 85' lang='lat' dir='ltr'>ante</span> <span class='ocrx_word' id='word_1_371' title='bbox 479 2755 621 2788; x_wconf 82' lang='lat' dir='ltr'>pugnam</span> <span class='ocrx_word' id='word_1_372' title='bbox 637 2746 713 2783; x_wconf 79' lang='lat' dir='ltr'>XII,</span> <span class='ocrx_word' id='word_1_373' title='bbox 736 2744 788 2777; x_wconf 84' lang='lat'>81.</span> 
     </span>
    </p>
   </div>
   <div class='ocr_carea' id='block_1_5' title="bbox 169 2804 1431 2856">
    <p class='ocr_par' dir='ltr' id='par_1_6' title="bbox 169 2804 1431 2856">
     <span class='ocr_line' id='line_1_41' title="bbox 169 2804 1431 2856; baseline 0.008 -14"><span class='ocrx_word' id='word_1_374' title='bbox 169 2805 286 2843; x_wconf 82' lang='grc' dir='ltr'><strong>ΤοΜ.</strong></span> <span class='ocrx_word' id='word_1_375' title='bbox 315 2804 386 2844; x_wconf 83' lang='grc' dir='ltr'><strong>ΙΙΙ.</strong></span> <span class='ocrx_word' id='word_1_376' title='bbox 723 2819 744 2856; x_wconf 84' lang='grc'>3</span> <span class='ocrx_word' id='word_1_377' title='bbox 773 2807 810 2844; x_wconf 88' lang='lat' dir='ltr'><strong>A</strong></span> <span class='ocrx_word' id='word_1_378' title='bbox 1314 2813 1336 2850; x_wconf 82' lang='lat' dir='ltr'>fi</span> <span class='ocrx_word' id='word_1_379' title='bbox 1365 2814 1431 2852; x_wconf 86' lang='lat' dir='ltr'>illo</span> 
     </span>
    </p>
   </div>
  </div>
 </body>
</html>
