1847 3313
370 267 459 328 528
561 251 1042 307 RVIRGILII
1100 251 1500 304 MARONIS

365 388 762 451 Fluminibusque
786 398 1018 450 vagantur
1039 402 1146 433 aves
1171 386 1281 452 (heu
1301 387 1405 434 dira
1430 394 1650 434 meorum

368 479 613 543 Supplicia
633 476 668 535 l)
696 489 741 522 et
755 475 969 539 scopulos
983 475 1239 523 lacrimosis
1257 476 1452 522 vocibus
1473 476 1676 538 implenti

368 572 493 620 Haec
517 570 634 615 adeo
656 583 713 614 ex
732 567 814 614 illo
839 567 959 613 mihi
983 566 1086 630 jam
1111 565 1339 630 speranda
1363 565 1552 613 fuerunt
1588 576 1680 627 275

370 659 630 721 Tempore,
657 673 768 704 cum
793 657 915 704 ferro
939 657 1146 704 coelestia
1165 672 1366 720 corpora
1388 656 1586 702 demens

369 747 586 811 Adpetii‚
611 760 656 794 et
681 745 877 793 Veneris
901 745 1072 793 violavi
1095 747 1286 793 volnere
1303 746 1543 792 dextram.

371 838 450 886 Ne
474 853 600 895 vero,
622 853 680 884 ne
698 853 774 884 me
797 836 856 884 ad
881 836 994 883 tales
1018 837 1235 900 inpellite
1256 851 1458 899 pugnas.

371 927 477 974 Nec
501 925 622 972 mihi
643 940 755 972 cum
781 924 976 972 Teucris
1006 926 1159 973 ullum
1182 926 1286 990 post
1313 937 1446 972 eruta
1468 924 1655 972 bellurn

373 1016 607 1080 Pergama
624 1039 636 1070 ;
659 1031 745 1062 nec
762 1027 975 1062 veterum
993 1016 1192 1063 memini
1218 1017 1417 1063 Iaetorve
1434 1017 1689 1063 malorum.—

375 1108 597 1164 Munera,
628 1123 735 1170 quae
758 1106 922 1169 patriis
947 1106 1004 1152 ad
1029 1124 1105 1153 me
1125 1107 1322 1171 portatis
1342 1106 1402 1153 ab
1426 1107 1539 1163 oris,
1597 1106 1685 1153 281

374 1197 559 1245 Vertite
581 1196 640 1243 ad
664 1201 859 1244 AEnean.
929 1195 1153 1243 Stetimus
1179 1196 1272 1242 tela
1294 1194 1454 1258 aspera
1480 1207 1660 1251 contra,

378 1285 773 1348 Contulimusque
798 1301 964 1331 manus
986 1303 996 1331 :
1032 1297 1225 1348 experto
1249 1285 1443 1341 credite,
1468 1296 1673 1347 quantus

378 1378 436 1426 In
454 1378 663 1441 clipeum
678 1375 914 1438 adsurgat,
928 1391 1023 1438 quo
1038 1375 1225 1422 turbine
1243 1387 1459 1439 torqueat
1474 1374 1670 1423 hastams
1714 1433 1719 1436 ι

424 1520 499 1551 273.
523 1513 577 1544 heu
589 1512 692 1543 damna
716 1509 858 1541 Parrhas.

956 1518 1030 1548 274.
1057 1508 1175 1551 clamosis
1193 1509 1330 1541 Oudart.
1393 1519 1396 1521 ’

1422 1513 1495 1550 275.
1512 1511 1587 1542 Haec
1603 1509 1697 1540 eadem

382 1563 516 1595 Zulich.
562 1563 728 1605 superanda
752 1561 851 1592 Goth.
880 1568 971 1598 tert.,
995 1560 1098 1601 sieque
1115 1560 1239 1601 aliquot
1268 1561 1366 1598 Pier.,
1391 1561 1476 1591 inter
1492 1572 1572 1602 quos
1588 1562 1701 1600 Rom-,-

384 1617 458 1647 Hm
473 1614 542 1646 adeo
564 1615 631 1644 mihi
645 1613 711 1654 jam
728 1613 903 1657 superanda.

381 1665 457 1697 leel.
490 1666 596 1707 Bigot.
625 1675 655 1695 et
682 1664 780 1696 Goth.
810 1664 867 1695 see.
901 1670 932 1694 et
948 1670 1022 1693 tert.

383 1719 467 1749 Veri.
486 1717 571 1759 apud
590 1719 699 1747 Burm.
744 1716 802 1746 Nec
822 1716 907 1746 Ven.
929 1721 960 1745 et
978 1714 1076 1745 Goth.
1096 1725 1142 1756 pr.

996 1612 1069 1652 276.
1095 1612 1239 1654 Tempore,
1264 1624 1318 1654 quo
1341 1621 1390 1652 pr.
1416 1611 1537 1642 Hamb.
1552 1623 1611 1654 pro
1628 1621 1698 1642 var,

1111 1664 1186 1701 278.
1214 1665 1304 1694 Nunc
1327 1675 1396 1693 vero
1417 1662 1558 1693 Dorvill.
1582 1669 1614 1692 et
1636 1661 1699 1693 Ed.,·-

1232 1723 1309 1754 279.
1332 1714 1431 1745 diruta
1458 1715 1553 1745 Rom.
1588 1721 1620 1744 et
1645 1711 1702 1758 affl.

383 1769 471 1801 Pier.
490 1768 571 1799 alter
587 1766 703 1797 Hamb.
719 1773 751 1797 et
764 1766 822 1797 Ed.
836 1765 982 1803 Mediol„
997 1765 1103 1807 quoin
1116 1765 1199 1795 binis
1214 1764 1333 1806 speelat
1347 1774 1355 1794 ε
1379 1765 1508 1807 dirupta.
1552 1765 1641 1795 Tum
1664 1762 1704 1806 est

383 1820 419 1851 in
435 1819 499 1851 fine
511 1820 632 1860 aliquot
650 1818 756 1849 Heins.
774 1826 805 1848 et
824 1818 948 1854 Burm.‚
970 1817 1073 1858 ficque
1092 1816 1191 1846 Goth.
1207 1815 1264 1846 see.

1068 1867 1140 1899 281.
1161 1867 1294 1909 portastis
1317 1873 1399 1898 vett.⁴
1415 1867 1487 1897 edd.
1514 1874 1587 1898 cum
1605 1867 1699 1900 codd,

384 1872 510 1903 laborum
533 1869 584 1900 Vel
608 1870 741 1900 malorum
765 1868 834 1899 cod.
857 1868 974 1898 Koeler.

1359 1815 1432 1847 280.
1457 1817 1593 1859 Iaetorque
1606 1816 1702 1846 Leide

388 1921 562 1953 nonnullis.
608 1921 669 1951 Sed
694 1920 820 1951 monuit
850 1920 935 1950 Pier.
961 1920 993 1949 in
1011 1920 1107 1949 Rom.
1139 1926 1170 1948 et
1188 1917 1256 1948 aliis
1272 1917 1343 1954 effe,
1373 1918 1458 1958 quod
1475 1917 1640 1949 delicatius
1656 1918 1708 1957 sit,-

382 1974 526 2017 portati53
550 1971 611 2002 hoc
642 1971 692 2002 edi
721 1979 861 2013 coeptum
891 1981 909 2000 a
933 1969 1125 2000 Commelin.
1173 1969 1222 1999 Sic
1239 1979 1366 2009 quoque
1384 1968 1507 2000 Medic.
1543 1977 1573 2000 et
1592 1969 1705 2005 Heinfi

386 2025 537 2069 potiores.
579 2032 612 2066 p.
637 2025 692 2054 huc
705 2023 869 2066 apportastis
885 2022 978 2053 Leid.
1026 2022 1137 2064 desertis
1160 2020 1302 2051 Pari-has.
1327 2030 1386 2062 pro
1405 2019 1532 2062 definis.

1625 2021 1703 2069 2835

386 2089 499 2110 manum
522 2075 657 2116 Menag.
675 2086 724 2116 pr.
742 2086 771 2105 v.
789 2075 857 2116 sup.
873 2075 919 2112 X,
942 2073 1016 2112 876.
1041 2076 1079 2104 ln
1095 2074 1196 2104 Dorv.
1215 2073 1283 2114 post
1299 2072 1332 2104 h.
1357 2082 1389 2103 v.
1420 2072 1632 2113 sequebantur
1647 2073 1707 2108 vffi

389 2129 453 2172 336
475 2128 573 2170 usque
589 2127 629 2157 ad
653 2135 725 2166 352.
750 2138 754 2140 ’

387 2239 477 2277 lant.
489 2249 525 2276 V.
538 2234 687 2274 Excurs.
707 2235 725 2271 Ι
737 2235 782 2271 ad
795 2234 833 2271 h.
849 2234 876 2271 I.
924 2245 1010 2284 275.

375 2291 568 2342 speranda,
595 2288 801 2330 metuenda,
826 2296 866 2322 ut
893 2286 1013 2328 toties,

390 2343 447 2380 vel
463 2341 578 2391 simpl.
608 2338 831 2388 cogitatione
846 2336 1032 2388 praecipi-⁷

390 2395 500 2437 enda,
535 2390 768 2442 expe&and3.
796 2388 897 2426 confi
935 2388 1013 2438 sup.

387 2444 466 2490 IV,
493 2456 583 2494 419.
638 2442 727 2494 276.
749 2454 834 2492 277.-
863 2439 1014 2491 Ingeni-

392 2498 452 2536 ose
484 2497 559 2533 haec
596 2493 738 2544 repetiit
766 2505 811 2528 ex
843 2492 951 2529 Iliad.
986 2510 1013 2535 ε,

395 2563 471 2599 330
481 2548 558 2598 sqq.
574 2546 624 2583 cf.
646 2546 722 2596 sup.
741 2544 795 2589 X,
813 2556 874 2593 29,
905 2543 1016 2580 Adde

395 2601 511 2638 Ovid.
549 2597 640 2635 XIV
672 2597 766 2633 Met-
802 2609 892 2645 477.
924 2599 1015 2646 478,

397 2655 487 2691 282.-
507 2654 595 2699 283.
616 2647 801 2699 Congreffi
819 2647 1019 2683 Diomedes

394 2714 431 2742 et
447 2705 580 2743 AEneas
617 2701 739 2750 (Iliad.
771 2718 799 2743 ε,
834 2712 906 2748 239
941 2698 1022 2748 sqqss>

395 2755 497 2793 conf.
523 2754 615 2790 Not.
637 2753 681 2789 ad
701 2752 785 2789 AEn.
806 2749 838 2793 Ι,
858 2750 921 2801 96)
951 2750 1019 2786 fin-

396 2807 516 2859 gulari
531 2804 726 2845 cesta-mine
740 2819 753 2850 ς
770 2801 883 2843 sedin
900 2813 1020 2853 pugna

817 2125 891 2163 284.
917 2126 1045 2169 insurgat
1067 2125 1192 2156 Nonius.
1209 2124 1241 2154 in
1264 2125 1396 2167 experiri.

1077 2229 1147 2270 hoc
1165 2232 1288 2283 saepius
1302 2232 1439 2269 fufium
1451 2226 1651 2282 supponere
1669 2234 1707 2268 et

1078 2285 1211 2335 fingere
1223 2284 1310 2320 licet
1324 2288 1454 2334 po'etae.
1510 2286 1597 2331 ²83·
1614 2285 1706 2330 284³

1078 2347 1220 2388 quantus
1236 2343 1270 2372 in
1282 2336 1416 2383 clipeum
1442 2336 1605 2384 ψὴν-ἕω.
1649 2333 1708 2371 De

1079 2401 1136 2429 eo,
1145 2388 1207 2438 qui
1220 2387 1460 2438 gladioinfert
1471 2386 1612 2429 vulnus,
1621 2384 1709 2422 alias

1081 2439 1219 2476 dicium
1238 2438 1398 2475 vidimus
1418 2451 1426 2475 ε
1456 2438 1624 2487 affiergere
1649 2433 1709 2473 veI

1081 2493 1262 2543 insurgere,
1306 2489 1415 2539 erigi,
1451 2494 1485 2525 in
1518 2493 1632 2532 iciam,
1672 2493 1711 2525 iri

1081 2543 1226 2593 hastam,
1247 2548 1281 2578 in
1299 2543 1402 2590 ensem
1427 2537 1621 2590 (ipim-2532„
1634 2542 1710 2589 ἀεξ-

1083 2594 1217 2638 ἓεὶς,ι1ῐ
1233 2592 1399 2642 ΟεὶγίΓ.-ι,
1415 2594 1530 2643 383);
1561 2591 1614 2627 At
1626 2591 1662 2628 h.
1678 2591 1708 2629 1⁶

1083 2652 1118 2683 in
1143 2646 1291 2694 clipeum,
1322 2645 1406 2694 quia
1425 2645 1518 2680 elato
1535 2642 1573 2679 in
1593 2643 1708 2679 altum·

1085 2698 1202 2748 clipeo
1220 2697 1353 2733 hastam
1371 2695 1493 2732 vibrat
1512 2707 1521 2731 :
1552 2701 1720 2744 namque}

1087 2748 1118 2786 is
1147 2747 1320 2785 naturalis
1347 2756 1465 2784 motus
1495 2746 1559 2789 est,
1597 2754 1633 2782 et
1662 2744 1710 2781 ad

1088 2813 1216 2853 eorpus
1252 2799 1426 2838 tuendum
1462 2798 1570 2836 valet.
1639 2795 1712 2833 Nil

1509 2846 1714 2901 expediam
