1847 3313
343 259 436 319 724
640 250 1355 308 EXCURSUS1V.V

340 376 463 416 docuit
479 381 666 421 Wedelius
686 384 840 421 Centur.
862 385 999 422 Exere.
1017 385 1114 423 Dec.
1134 386 1210 430 VI,
1228 399 1318 438 pag.
1340 399 1402 438 34.
1455 385 1540 426 Nec
1552 388 1645 426 vero‘

337 450 490 488 capreas
511 452 653 481 tantum
673 444 844 482 filvestres
864 445 899 482 in
919 444 1034 483 Creta
1055 447 1264 486 vulneribus
1283 448 1468 486 dietamno
1493 448 1642 487 succur-

338 510 437 541 rere,
468 512 585 550 eoque
603 503 747 542 comeso
779 504 823 542 iis
852 504 1024 543 excidere
1056 505 1195 556 spicula
1227 508 1386 547 credidit
1416 509 1640 561 antiquitas:

338 567 413 608 qua
441 558 487 596 de
515 575 555 599 re
583 565 641 602 vel
665 564 804 604 AEliani
831 565 932 603 locus
966 565 1147 606 videndus
1178 570 1226 607 V.
1256 569 1310 607 H.
1341 569 1375 613 Ι,
1408 578 1468 613 ιὀ,
1495 570 1559 609 ubi
1590 570 1641 610 cf.

338 617 486 668 Intpp.,
515 632 551 659 et
581 623 618 660 h.
639 624 665 661 1.
704 624 828 662 Cerda
845 635 883 663 et
903 625 1070 664 Moehsen
1102 640 1137 664 c.
1171 628 1197 665 1.
1227 641 1265 678 p.
1301 642 1391 679 23²·
1424 642 1516 680 233,
1551 630 1640 672 add,

337 689 434 715 nunc
462 680 692 721 Beckmann.
728 686 845 723 noster
868 686 914 722 ad
935 684 1075 724 Mirab.
1099 687 1228 726 Audit.
1259 703 1299 739 4,
1326 698 1454 727 verum
1473 690 1644 729 humanis

337 747 485 790 quoque
519 742 736 794 corporibus
771 744 976 783 adhibitum
1013 748 1082 784 effe
1121 748 1361 792 dietamnum,
1404 749 1645 788 Dioscorides

337 801 464 839 auctor
477 803 526 840 est
543 804 609 857 lib.
628 804 699 848 ΠΙ,
720 820 781 858 37.
830 807 939 845 Adde
955 807 1046 846 Plin.
1070 809 1196 853 XXV,
1219 812 1256 853 8,
1275 810 1301 847 s.
1323 823 1387 862 53.
1406 811 1555 854 XXVI,
1581 823 1642 862 14,

337 858 362 896 s.
395 863 462 911 37⁶¹
505 863 660 915 Pulegio
674 864 763 902 illud
785 865 897 904 {imile
911 867 979 904 effe
999 867 1158 918 produnt
1175 870 1340 907 amstores
1354 866 1494 909 laudati
1511 885 1520 910 t
1545 871 1644 911 inter

335 924 482 972 angant:
512 925 637 979 retulit
671 925 854 964 Linnaeus.
925 922 1016 966 Vim
1048 928 1184 966 habere
1215 927 1254 966 id
1281 931 1465 982 purgandi
1499 933 1646 978 vulnusff

335 982 503 1034 adeoque
521 974 836 1037 quicquio'alienae
861 996 1001 1025 naturae
1021 987 1108 1026 inest
1127 989 1362 1033 extrudendi,
1381 991 1489 1029 facile
1508 991 1644 1030 intelli-

334 1043 453 1096 gitur.
506 1045 574 1083 Uti
593 1047 706 1085 solent
724 1048 794 1085 hoc
824 1051 942 1097 poe'tae
962 1049 1070 1086 nostri
1089 1050 1169 1088 loco
1189 1050 1254 1101 ipli
1280 1050 1443 1088 botanici
1474 1051 1643 1090 doftores

335 1103 383 1141 ad
404 1104 610 1144 docendam
637 1120 761 1144 veram
780 1106 955 1146 dietamni
986 1109 1120 1147 faciem
1150 1119 1187 1146 et
1216 1110 1389 1152 formam,
1424 1124 1462 1147 v.
1496 1124 1532 1150 c.
1564 1113 1643 1162 post

335 1165 581 1204 Matthiolum
616 1168 804 1206 Bauhinus
836 1169 930 1207 Hist.
970 1169 1092 1207 Plant.
1125 1170 1192 1208 li-b.
1222 1170 1456 1214 XXXVIII,
1483 1184 1522 1221 p.
1551 1186 1644 1225 253,

335 1225 398 1264 nb'i
417 1226 530 1264 etiam
550 1227 632 1265 icon
646 1228 771 1265 herbae
791 1238 906 1270 extat,
921 1228 965 1265 ab
980 1229 1060 1266 aliis
1081 1228 1166 1266 inde
1187 1229 1357 1279 repetita.
1410 1230 1454 1268 In
1466 1231 1648 1285 Ambrqfia

335 1297 382 1324 an
415 1286 462 1323 de
492 1287 607 1324 herba
635 1287 745 1337 hujus
776 1289 934 1326 nominis
963 1289 1188 1341 cogitaverit
1205 1291 1333 1341 poeta,
1367 1291 1538 1342 equidem
1568 1306 1644 1331 non

334 1348 475 1386 dicam.
529 1349 607 1386 Etfi
638 1348 735 1387 enim
757 1349 833 1387 vim
853 1350 915 1388 ina
933 1350 1067 1388 habeat
1098 1351 1347 1402 adstringendi
1365 1353 1552 1397 humores,
1579 1355 1645 1406 qui

332 1406 374 1445 in
404 1408 564 1459 aliquam
604 1419 752 1459 partem
783 1409 991 1448 decubuere
1032 1410 1265 1461 (Dioscorid.
1291 1412 1370 1456 III,
1413 1426 1499 1465 129.
1546 1414 1645 1453 Plin.

334 1460 505 1511 XXVII,
525 1480 566 1518 4,
593 1467 618 1505 f.
645 1468 730 1518 ιι),
761 1482 834 1507 non
853 1480 976 1507 tamen
996 1470 1107 1508 video
1128 1485 1210 1509 eam
1235 1471 1448 1510 vulneribus
1475 1468 1646 1514 adhiberi

331 1529 491 1568 solitam.
547 1530 692 1567 Contra
716 1530 841 1569 succus
862 1531 1065 1574 ambrofiae,
1102 1541 1175 1583 q'uo
1194 1532 1283 1571 deos
1303 1546 1376 1571 non
1401 1533 1514 1573 modo
1535 1537 1644 1582 vesei,

332 1589 394 1628 sed
409 1591 525 1629 multo
545 1589 665 1641 magis
684 1591 814 1643 inungi
833 1601 870 1629 et
888 1591 1003 1630 odore
1021 1592 1196 1630 delec'tari
1215 1603 1364 1631 narrant
1382 1596 1515 1644 poetae,
1536 1609 1603 1636 nec
1622 1611 1645 1636 a

332 1652 548 1690 vulneribus
567 1652 705 1690 afienus
719 1653 784 1697 est,
801 1664 886 1690 curn
902 1666 942 1690 v.-
953 1666 989 1691 ca
1019 1654 1182 1692 Patrocli
1196 1653 1341 1692 vulneri
1356 1653 1420 1692 ille
1431 1655 1646 1696 infundatur

331 1713 381 1750 ad
413 1712 643 1763 putredinem
675 1713 928 1751 avertendam.
993 1713 1169 1751 Tandem
1206 1716 1417 1766 Panaceczm,
1457 1716 1645 1758 variarum

328 1771 532 1811 herbarum
547 1786 590 1811 ac
609 1769 967 1811 medicamentorum
989 1785 1126 1811 nomen‘
1155 1773 1252 1824 (vid.
1273 1774 1365 1813 Plin.
1387 1775 1525 1821 XXV,
1544 1792 1584 1829 4,
1614 1780 1643 1820 s,-

336 1846 352 1871 1
364 1833 422 1881 1),
451 1832 497 1870 ad
517 1846 773 1884 opopanacem
794 1833 1011 1884 potissimum
1041 1833 1179 1872 referre
1195 1834 1346 1873 volebat
1364 1836 1535 1877 Moehsen
1553 1840 1578 1876 1.
1594 1853 1650 1886 c.,-

332 1894 395 1945 qui
415 1894 540 1932 succus
559 1895 608 1932 est
629 1895 792 1932 Panaces
811 1890 1001 1937 Herculis,
1020 1894 1232 1933 vulneribus
1250 1896 1435 1947 quondam
1455 1899 1645 1939 medendis

332 1954 536 1992 adhibitum
590 1955 695 1992 Inter
725 1953 906 1991 fabulosos
943 1963 1068 1991 tamen
1091 1954 1218 1993 succos
1244 1958 1410 1994 ‘nardum
1433 1957 1512 2007 jam
1544 1954 1645 2011 apud

333 2013 606 2052 Callimachum
634 2015 686 2054 H.
707 2014 747 2051 in
770 2013 935 2064 Apollin.
963 2026 1014 2061 40
1033 2014 1204 2053 habetur.
1257 2016 1342 2054 Nec
1358 2015 1488 2054 dubito
1505 2018 1580 2056 five
1596 2020 1649 2058 ab*

333 2074 405 2113 hoc
443 2074 516 2112 sive
545 2075 593 2113 ab
618 2076 693 2115 alio
724 2074 859 2113 Graeco
889 2075 1001 2126 poeta
1030 2075 1233 2114 Maronem*
1259 2089 1340 2115 eam
1359 2077 1428 2116 effe
1454 2078 1525 2117 hoc
1543 2077 1646 2120 sense

333 2141 556 2173 mutuatum.

734 2254 765 2295 Ε
789 2259 824 2296 Χ
842 2257 874 2295 C
895 2258 934 2297 U
953 2259 988 2296 R
1012 2251 1038 2297 s
1056 2254 1097 2297 U
1114 2258 1139 2296 s
1193 2251 1246 2297 v.

335 2341 516 2405 Celffimz
550 2355 706 2400 eorumy
734 2360 826 2406 qttae
856 2345 900 2389 in
930 2343 1132 2390 AEneidis
1155 2343 1366 2389 aeconomia
1399 2341 1649 2404 7⁴·eprehendt‘·

890 2428 1068 2489 poffitnt.

383 2527 550 2575 AEneidis
568 2538 826 2587 argumentum
845 2545 882 2573 et
898 2533 1092 2578 summam,
1110 2546 1241 2585 eaque,
1268 2546 1350 2584 quae
1367 2532 1534 2588 paffim'a
1553 2529 1643 2571 viris

330 2590 448 2638 deciis
468 2612 552 2637 cum
569 2598 608 2636 in
622 2597 768 2648 singulis
789 2596 970 2647 partibm,
1004 2604 1083 2633 tum
1101 2593 1146 2632 de
1164 2593 1268 2633 libris
1291 2594 1352 2632 sex
1370 2591 1646 2643 posterioribus,

331 2665 397 2697 aut
426 2660 472 2698 de
501 2658 674 2710 epifodiis
695 2668 732 2696 et
756 2657 847 2695 locis
866 2655 1049 2694 nonnullis
1067 2654 1208 2694 monita
1240 2655 1405 2698 fuerunt,
1431 2652 1584 2705 exposui
1603 2651 1648 2689 in·

330 2720 408 2770 ipsa
434 2717 680 2769 enarratione,
708 2717 966 2769 opportuniuS,
994 2729 1104 2766 quam
1134 2714 1160 2753 s1
1190 2728 1233 2752 ea
1253 2728 1326 2753 uno
1349 2714 1434 2752 loco
1451 2713 1641 2751 cumulare

331 2779 534 2818 voluissem.
604 2777 775 2817 Aliorum
811 2776 992 2816 rationem
1025 2775 1110 2816 satis
1144 2774 1318 2814 idoneam
1353 2772 1510 2813 reddere
1550 2770 1646 2810 mihi

538 2852 566 2890 4·
1545 2830 1643 2870 visus
