1847 3313
375 258 462 306 512
565 239 617 286 P.
655 236 1036 284 VIRGILII
1089 235 1485 284 MARONIS

379 374 610 420 Funereas
634 384 826 431 rapuere
850 366 989 413 faces.
1059 365 1212 411 Lucet
1232 366 1307 412 via
1330 367 1475 431 longo

376 460 559 506 Ordine
578 459 895 511 flammarum,
919 467 965 501 et
991 455 1082 501 late
1104 452 1396 502 discriminat
1419 472 1571 520 agros,
1598 471 1688 517 144

381 552 558 598 Contra
576 547 711 594 turba
729 546 974 608 Phrygum
993 544 1183 590 veniens
1196 544 1689 611 plangentiajungunt

378 642 605 706 Agmina.
675 640 799 702 Quae
822 636 1070 699 postquam
1093 647 1264 682 matres
1288 635 1533 685 succedere
1553 638 1689 685 tediis

380 731 626 786 Viderunt,
647 728 862 775 maestam
886 724 1147 772 incendunt
1168 724 1458 772 clamoribus
1481 726 1666 773 urbem.

380 824 446 869 At
465 838 558 868 non
583 820 859 868 Evandrum
882 817 1007 881 potis
1031 816 1096 863 est
1119 816 1188 862 vis
1207 817 1301 862 ulla
1325 828 1510 864 tenere:

380 912 471 959 Sed
491 911 618 957 venit
640 911 688 956 in
705 908 902 956 medios.
973 905 1163 952 Feretro
1187 904 1398 952 Pallanta
1421 906 1607 968 reposto

383 1004 644 1052 Procubuit
679 1002 830 1065 super,
868 1012 1009 1062 atque
1047 999 1196 1046 haeret
1231 997 1574 1061 lacrimansque
1607 1013 1696 1061 gc-

579 1091 816 1154 mensque,
1603 1103 1695 1152 150
1748 1126 1758 1129 ,.

381 1189 446 1236 Et
466 1188 541 1233 via
559 1187 638 1232 vix
662 1184 855 1230 tandem
881 1185 987 1230 voci
1014 1183 1166 1230 laxata
1187 1183 1350 1229 dolore
1372 1182 1436 1229 est
1456 1199 1467 1228 :

387 1301 418 1325 et
448 1292 531 1335 apud
559 1293 666 1335 Serv.‚'
682 1289 736 1320 sed
762 1288 883 1319 vitiose.
930 1289 1061 1320 Arcades
1087 1296 1113 1319 et
1137 1287 1196 1318 sec.
1216 1289 1334 1318 Moret.
1377 1287 1417 1318 ad
1434 1295 1544 1330 portam
1561 1285 1618 1317 Ed.
1642 1295 1694 1327 pr.

387 1347 499 1376 Burni.
542 1353 574 1374 at
592 1345 680 1384 portis
697 1353 777 1372 ruere
793 1339 888 1370 multi
904 1350 954 1381 ap.
974 1342 1077 1377 Serv.,
1101 1350 1164 1370 non
1182 1338 1286 1369 male:
1311 1338 1366 1369 etsi
1391 1338 1504 1369 eodem
1529 1336 1624 1374 redit,
1644 1337 1697 1368 seu

386 1393 605 1436 turba‘portis
621 1400 693 1424 ruat
709 1392 741 1423 in
759 1401 898 1432 camp05‚
923 1390 975 1420 seu
992 1391 1032 1421 ad
1048 1397 1167 1432 portas,
1191 1397 1226 1420 ut
1243 1396 1342 1420 exeat.
1434 1397 1507 1425 144.
1531 1388 1701 1431 disterminat

386 1458 441 1488 qu.
457 1448 741 1482 Moret.—--145.
760 1441 890 1483 jungunt
905 1452 922 1471 e
938 1441 1084 1472 Mediceo
1101 1448 1133 1471 et
1147 1439 1217 1471 aliis
1238 1439 1349 1471 Heins.
1376 1438 1472 1479 (adde
1499 1438 1621 1481 Colot.)
1636 1448 1697 1481 pro
1713 1432 1717 1435 ’

388 1496 515 1539 vulgari
529 1495 642 1537 jungit,
664 1493 749 1535 quod
766 1494 862 1524 Rom.
880 1498 999 1523 tuetur.
1094 1490 1167 1529 146.
1192 1491 1320 1523 accedere
1334 1501 1382 1532 pr.
1408 1488 1525 1520 Hamb.
1542 1499 1602 1531 pro
1626 1499 1696 1522 var.

388 1549 466 1581 laer.
514 1550 581 1578 τεὲἳο
600 1552 678 1576 vett.
703 1544 790 1581 edd„
815 1541 918 1583 ficque
947 1541 1049 1573 Goth.
1076 1552 1126 1584 pr.
1174 1544 1252 1574 testis
1267 1540 1408 1583 primum
1419 1538 1556 1570 intulisse
1571 1540 1699 1572 videtur

389 1600 467 1631 Ald.
492 1609 556 1640 pr.,
577 1597 671 1638 idque
689 1597 786 1627 Rom.
810 1602 842 1625 et
867 1593 992 1626 Medic.
1021 1603 1094 1625 cum
1108 1593 1177 1624 aliis
1191 1600 1336 1625 tuentur.
1372 1592 1520 1636 succedere
1542 1594 1628 1623 muris
1641 1591 1699 1623 ali-

388 1658 466 1693 quot
484 1650 584 1687 Pier„
607 1648 671 1678 scil.
688 1658 724 1677 ex
744 1645 1183 1687 interpretatione.——-149.
1210 1644 1348 1676 Pallante
1370 1642 1514 1684 plerique
1541 1642 1648 1674 Heius.
1665 1650 1698 1675 et

388 1714 407 1732 a
423 1712 465 1731 m.
490 1710 537 1741 pr.
557 1698 692 1735 Medio,
708 1697 809 1738 sicque
833 1706 943 1727 omnes
959 1695 1060 1726 Geth.
1083 1702 1114 1726 et
1143 1695 1211 1726 Erf.
1257 1695 1408 1735 Tumque
1424 1693 1499 1725 effet
1521 1693 1595 1724 vel:
1610 1694 1698 1738 super

390 1753 537 1788 Pallante,
548 1751 660 1794 feretro
683 1750 814 1791 repqfit03
837 1746 888 1778 vcl
903 1747 993 1790 super
1007 1746 1144 1778 Pallante
1161 1747 1271 1789 repqfito
1296 1745 1328 1776 in
1345 1746 1466 1788 feretro.
1510 1745 1651 1777 Pallanta
1666 1745 1700 1776 in

391 1804 543 1834 lWedieeo
572 1800 751 1843 Aproniani
777 1799 961 1830 emendatio
987 1798 1042 1830 est.
1065 1797 1149 1829 conf.
1177 1798 1239 1840 Jul.
1259 1797 1330 1828 Sab.
1378 1796 1440 1828 Sed
1455 1795 1537 1827 forte
1553 1796 1699 1827 fraudem

390 1856 467 1888 fecit
484 1856 633 1896 ignorata
647 1853 734 1884 vocis
749 1853 847 1896 repcsto
865 1851 1051 1894 significatio
1067 1850 1100 1881 h.
1115 1851 1136 1883 l.
1153 1861 1212 1892 pro
1225 1849 1377 1892 deposito,
1393 1849 1494 1891 pofito
1504 1848 1700 1891 simpliciter„

395 1918 469 1948 150.
495 1906 650 1938 Procubuit
665 1912 818 1946 perpetua
834 1902 930 1934 leffio
942 1902 1016 1934 edd.
1034 1902 1108 1933 inde
1124 1902 1162 1932 ab
1176 1901 1260 1932 Aldo
1277 1912 1294 1932 e
1307 1900 1424 1932 Medic.
1443 1907 1474 1931 et
1490 1899 1559 1931 aliis
1575 1899 1703 1931 firmata.

393 1960 432 1990 ab
450 1957 558 1989 Heius.
604 1955 764 1986 Procumhit
781 1954 890 1990 Rom.‚
911 1952 997 1993 quod
1015 1951 1098 1981 Pier.
1118 1950 1408 1986 commendaverat,
1422 1957 1455 1980 et
1472 1950 1665 1983 Commelin.
1685 1961 1702 1982 e

394 2010 497 2041 Palat.
513 2006 677 2042 intulerat,
697 2004 815 2034 iterum
834 2008 1022 2033 revocatum
1047 2011 1065 2030 a
1086 2000 1263 2031 Burmanni
1284 2000 1388 2041 operis
1401 2010 1438 2030 ex
1455 2000 1624 2032 Pulmann.
1648 2008 1706 2032 ant

393 2061 455 2093 alia
471 2059 582 2090 Elzev.
628 2058 737 2087 horrens
753 2054 874 2095 aliquot
891 2052 1000 2084 Heins.
1027 2062 1100 2083 cum
1128 2051 1229 2083 Goth.
1249 2058 1486 2089 tert.—---151.
1513 2053 1556 2084 Ut
1577 2054 1632 2083 via
1648 2052 1705 2083 ali-

395 2110 522 2154 quando
549 2106 688 2139 malebat
711 2105 834 2143 Heins.‚
858 2104 910 2135 sed
939 2113 965 2135 et
989 2102 1123 2134 Rffaroni
1149 2102 1190 2134 fic
1213 2102 1463 2143 frequentatum.
1507 2114 1569 2134 mox
1594 2105 1705 2136 tandem

397 2161 525 2194 Zulich.
548 2170 565 2190 a
580 2169 624 2189 m.
651 2167 701 2199 pr.
743 2158 821 2187 vocis
847 2156 944 2185 Rom.
971 2162 1003 2185 et
1027 2154 1145 2185 Medic.
1171 2164 1208 2184 ac
1233 2153 1333 2190 Gud.,
1351 2152 1493 2194 adeoque
1508 2153 1705 2186 vetustissimi

396 2214 489 2246 codd.
512 2209 658 2242 Heinsius
674 2208 772 2238 etiam
789 2207 933 2249 argutius
946 2206 1024 2247 quid
1038 2205 1212 2248 suspicatur
1227 2216 1236 2237 ι
1257 2206 1303 2236 Et
1313 2206 1488 2236 via—vocis
1509 2205 1612 2236 laxata
1622 2206 1708 2238 dolori

395 2267 440 2309 est.
486 2262 611 2295 Aberat
629 2260 664 2301 est
686 2262 799 2306 νειμ-

399 2338 519 2379 Servii
546 2346 582 2374 et
599 2335 751 2373 aliorum
771 2348 896 2386 nugas.
949 2335 1021 2372 Re-
1084 2347 1162 2385 gas,
1197 2333 1297 2384 quod
1329 2346 1394 2383 pro
1429 2332 1549 2370 rostris
1579 2333 1706 2372 lauda-

399 2393 468 2430 fert
495 2391 532 2427 h.
561 2390 587 2426 l.
616 2391 726 2438 poeta
761 2385 945 2437 ingeniose
974 2386 1020 2423 acl
1084 2387 1200 2423 tiones
1216 2384 1452 2422 habebantur.
1507 2385 1603 2422 Cum
1615 2387 1706 2424 faci-

397 2454 554 2481 veterem
566 2439 1023 2487 Arcadummorem‚quod
1084 2438 1150 2474 bus
1182 2437 1274 2473 forte
1304 2435 1415 2472 etiam
1443 2449 1516 2473 mos
1544 2435 1629 2481 fuit,
1668 2447 1707 2475 ut

402 2492 579 2534 Romanis
595 2490 751 2527 sollenne
765 2499 856 2533 erat,
876 2500 915 2526 ut
934 2489 1025 2526 faci-
1085 2489 1228 2526 obviam
1268 2487 1567 2537 progrederentur
1608 2503 1707 2526 mor·

401 2547 467 2585 bus
495 2554 530 2582 et
557 2542 670 2580 cereis
686 2541 838 2579 accensis
854 2553 1023 2591 pompam
1087 2540 1171 2581 tuis,
1190 2538 1308 2589 quiex
1326 2537 1459 2588 praeliis
1477 2541 1707 2589 reportaban-

402 2597 591 2636 funebrem
620 2594 665 2630 ad
693 2605 821 2642 rogum
838 2592 1022 2629 ducerent.
1088 2602 1160 2628 tur.
1218 2602 1302 2641 145¹.
1341 2589 1562 2640 Comparant
1596 2591 1706 2630 Iliad.-

404 2648 569 2686 Omnino
587 2646 760 2682 noeimno
780 2653 936 2692 tempore
961 2656 1022 2680 ex·
1090 2662 1128 2687 ω,
1170 2655 1242 2692 707
1284 2641 1360 2691 sqq.
1419 2643 1502 2690 146.
1533 2644 1706 2689 succedere

404 2700 528 2751 equias
555 2697 670 2733 facere
698 2709 773 2732 mos
799 2706 897 2732 erat:
927 2694 1026 2744 quod
1089 2699 1179 2731 tediis
1195 2693 1230 2731 h.
1246 2693 1272 2729 l.
1292 2692 1435 2743 ingredi
1450 2693 1588 2732 urbem.
1622 2708 1706 2745 147·

405 2763 525 2789 tamen
556 2748 595 2785 in
625 2747 804 2784 nobilium
845 2745 1028 2782 funeribus
1090 2745 1264 2783 incendunt
1290 2744 1486 2783 clamoribus
1511 2745 1637 2784 urbem.
1672 2760 1707 2783 vo

406 2816 477 2841 non
496 2813 595 2852 aeque
606 2798 797 2837 obtinuisse
816 2796 900 2835 inde
922 2797 1025 2835 colli·
1091 2798 1136 2835 ad
1157 2795 1211 2840 X,
1234 2798 1320 2847 895.

1625 2860 1712 2898 152»
