1847 3313
406 296 499 343 494
791 276 1296 325 EXCURSUS
1354 280 1378 326 1

405 410 603 446 Mantuam
621 422 631 446 z
659 420 740 459 qure
754 406 851 444 uncle
869 405 1074 456 acceperit,
1092 418 1179 442 cum
1198 405 1324 456 inepta
1345 406 1486 457 prorsus
1503 408 1582 452 sint,
1601 419 1714 446 nemo

401 468 509 506 facile
534 468 648 506 dicat.
702 466 905 504 Thebanos
936 464 1061 503 intulit
1092 463 1189 502 forte
1227 476 1378 516 propter
1415 467 1562 505 Manto.
1618 469 1714 506 Meo

401 527 551 579 quidem
568 525 710 576 judicio
728 526 803 562 haec
823 524 949 563 omnia
968 523 1075 562 facile
1096 523 1287 574 expedias,
1316 525 1341 562 fi
1360 526 1569 564 memineris
1588 527 1714 564 Etrus-

399 599 462 624 cos
477 586 692 636 antiquitus,
709 597 792 622 cum
807 593 907 621 trans
924 582 1160 633 Apenninum
1178 582 1251 620 late
1269 584 1395 621 omnia
1409 593 1589 628 tenerent,
1610 585 1712 636 regi-

399 660 507 685 onem
527 644 851 695 circumpadanam
870 643 908 682 in
929 644 1005 682 XII
1025 642 1196 681 civitates
1215 643 1447 692 descripsisse,
1466 645 1712 694 quemadmo-

400 705 489 743 dum
505 706 581 756 ipsa
600 704 748 742 Etruria
769 705 844 742 XII
870 703 1041 742 civitates
1060 702 1244 753 principes
1263 702 1434 740 habeban
1491 703 1555 741 Cf.
1577 703 1712 754 Polyb.

400 765 458 808 ΙΙ,
489 779 546 815 17.
577 763 665 801 Liv.
687 764 738 806 V,
767 777 829 813 33.
883 763 984 800 Inter
1001 763 1065 800 has
1088 761 1160 799 XII
1181 761 1350 800 civitates
1379 762 1579 813 Virgilium
1607 763 1709 801 arbi·

398 836 478 864 tror
494 839 567 863 non
583 824 694 862 modo
708 824 861 862 retulisse
876 825 1073 863 Mantuam
1088 822 1187 861 suam
1204 837 1215 867 ;
1244 823 1282 860 id
1302 822 1400 873 quod
1420 824 1516 860 recte
1528 823 1710 862 faciebat:

399 898 485 923 narn
501 886 612 923 etiam
632 884 725 923 Plin.
746 884 825 928 III,
864 897 907 933 19
927 883 953 921 s.
984 897 1029 934 23
1061 884 1214 921 Mantua
1241 880 1418 931 Tuscorum
1449 894 1549 921 trans
1574 884 1712 922 Padum

385 944 464 994 fila
483 945 643 997 reliqua:
674 957 800 981 verum
830 943 945 982 ctiam
970 943 1175 994 principem
1204 942 1344 980 caeteris
1363 942 1617 993 praeposuiffe3
1645 945 1711 982 etsi

399 1005 578 1043 honorem
597 1019 680 1042 eum
694 1006 739 1042 ab
755 1004 833 1042 aliis
850 1004 1024 1042 Bononiae
1039 1003 1204 1041 habitum
1224 1002 1376 1040 constat.
1431 1002 1565 1040 Plinius
1582 1004 1712 1056 utique

396 1065 464 1103 Hb.
483 1067 563 1109 III,
588 1078 628 1117 15
652 1065 675 1102 s.
708 1078 756 1103 20
786 1065 938 1101 Bonmia
959 1065 990 1100 F
992 1063 1091 1115 effinse
1111 1067 1271 1100 vocitata
1290 1077 1360 1099 cum
1373 1066 1532 1113 princeps
1550 1064 1710 1103 Etruriae

397 1128 497 1176 ψη
525 1126 589 1163 etfi
600 1126 776 1163 sententia
796 1124 901 1162 Plinii
923 1134 960 1161 et
974 1125 1047 1161 haec
1061 1124 1128 1160 effe
1149 1123 1263 1173 potest
1281 1136 1290 1159 ε
1319 1122 1422 1159 fuisse
1438 1131 1475 1159 et
1492 1121 1608 1172 ipsam
1625 1124 1709 1162 Fel-

400 1190 512 1226 finam
527 1188 623 1225 inter
638 1186 839 1238 principes.
896 1186 1036 1235 Copias
1057 1186 1175 1236 igitur
1189 1184 1395 1221 adducebat
1411 1185 1536 1223 Ocnus
1553 1186 1711 1224 Mantu—

399 1260 487 1285 anas
508 1261 553 1285 ex
581 1247 657 1284 XII
679 1246 821 1296 populis
849 1245 1026 1286 Etruscis,
1050 1245 1112 1295 qui
1131 1243 1340 1281 incolebant
1352 1256 1484 1292 agrum
1500 1244 1710 1296 circumpa-

398 1307 550 1350 danum,
577 1307 751 1346 conflatas
774 1320 782 1342 ;
812 1305 938 1354 itaque
968 1320 1029 1340 mn
1045 1319 1150 1353 genas
1168 1302 1311 1340 omnibus
1330 1318 1425 1340 unum
1450 1313 1541 1341 erat.
1597 1306 1711 1358 Qod

398 1382 489 1406 vero
506 1368 608 1406 addit
627 1368 756 1418 po'e'ta,
783 1379 828 1402 ex
847 1378 890 1402 eo
903 1364 1258 1416 px-i1nu1ndi0'eimus,
1278 1364 1356 1401 XII
1375 1363 1455 1400 illos
1473 1365 1630 1415 populos
1650 1367 1710 1405 seu

399 1428 572 1466 civitates
590 1427 628 1464 in
647 1436 719 1464 tres
744 1435 871 1476 gentes
894 1425 996 1462 fuisse
1022 1423 1180 1468 divisa53
1207 1423 1244 1460 id
1265 1423 1363 1473 quod
1384 1423 1430 1460 ad
1451 1424 1618 1462 Etruscas
1635 1426 1717 1464 ori-'

399 1490 508 1539 gines
522 1487 685 1526 notabile
704 1488 765 1524 est.
819 1486 896 1522 Non
917 1485 1033 1535 igitur
1051 1486 1176 1535 poeta,
1197 1484 1295 1534 quod
1310 1483 1460 1521 voluere
1474 1484 1709 1537 interpretes,

398 1553 438 1587 de
457 1551 723 1586 Mantuanorum
743 1550 868 1596 origine
898 1546 936 1583 in
956 1547 994 1582 h.
1024 1546 1049 1582 l.
1083 1545 1177 1596 agit,
1210 1558 1278 1582 nec
1299 1544 1345 1581 de
1366 1544 1547 1593 majorum
1566 1546 1708 1587 diversa

399 1610 522 1660 stirpe,
540 1622 610 1646 nec
623 1609 668 1646 de
686 1607 861 1644 divisione
879 1605 960 1655 agri
977 1603 1175 1642 Mantuani
1190 1603 1226 1640 in
1243 1602 1412 1653 regiones
1427 1615 1464 1642 et
1479 1617 1681 1645 conventus
1695 1623 1709 1654 3

384 1673 453 1720 sed
479 1673 518 1707 de
546 1673 645 1719 copiis
674 1668 813 1719 agitur,
842 1682 925 1717 quas
958 1666 1069 1703 Ocnus
1098 1666 1266 1702 Mantuae
1296 1665 1468 1704 eonditor
1494 1670 1633 1705 adducit
1664 1685 1707 1707 ex
1762 1669 1767 1672 “

397 1730 609 1769 civitatibus
641 1729 727 1767 XII
757 1730 1045 1778 circumpadanis,
1083 1726 1215 1777 quibus
1249 1727 1411 1764 Mantua
1442 1727 1506 1764 illo
1541 1739 1707 1780 tempore

398 1802 511 1842 Cap'dt
529 1800 621 1828 erat-

450 1849 666 1889 Mantuanis
696 1846 882 1886 accensuit
909 1846 1066 1896 denique
1086 1859 1126 1883 v.
1163 1849 1235 1883 208
1269 1845 1447 1896 Aulestem,
1484 1861 1592 1898 quem
1611 1849 1708 1888 inter

396 1913 510 1950 Italos
530 1925 602 1949 non
618 1909 825 1961 ignobilem
845 1907 945 1945 fuisse
961 1921 1006 1944 ex
1028 1906 1214 1944 Servianis
1232 1907 1377 1944 laciniis
1397 1908 1443 1945 ad
1462 1922 1499 1945 v.
1534 1913 1604 1959 198
1629 1912 1705 1949 co]-

393 1972 474 2023 ligo
490 1987 498 2007 :
527 1971 595 2008 fuit
615 1970 711 2008 enim
732 1969 926 2007 secundum
943 1968 1136 2006 nonnullos
1153 1966 1251 2006 Ocni
1268 1967 1382 2006 frater
1400 1978 1436 2006 et
1454 1970 1601 2022 Perzfiae
1616 1983 1706 2008 con-

395 2031 497 2071 ditor
514 2030 675 2069 habitus.

447 2092 546 2130 Illud
579 2091 696 2128 adhuc
730 2089 920 2138 subjiciam
943 2104 951 2126 :
995 2101 1130 2126 novam
1162 2086 1267 2137 super
1296 2087 1371 2125 loci
1401 2087 1707 2141 interpretatione

395 2151 543 2189 moveri
563 2151 659 2202 poss‘e
679 2150 932 2187 difficultatem
952 2162 997 2185 ex
1018 2147 1125 2189 Silio,
1154 2146 1218 2197 qui
1237 2148 1355 2189 VIII,
1376 2148 1466 2186 600.
1487 2149 1558 2188 601
1591 2150 1629 2188 in
1647 2165 1705 2190 re-

393 2211 501 2251 censu
528 2211 749 2261 populorum
779 2219 817 2246 et
845 2208 1044 2247 civitatum
1067 2222 1076 2246 :
1123 2207 1171 2244 Et
1199 2209 1376 2258 quondam,
1403 2209 1539 2260 inquit,
1567 2209 1707 2251 Teucris

393 2286 493 2310 comes
513 2275 549 2308 in
567 2272 759 2307 Laurentia
774 2269 853 2306 belli
868 2270 956 2306 Ocni
968 2272 1085 2320 prisca
1100 2269 1210 2305 domus
1217 2272 1397 2318 parvique
1410 2270 1563 2308 Bononia
1578 2272 1706 2312 Rheni.

391 2334 457 2374 De
484 2333 644 2371 Mantua
663 2345 747 2369 eum
767 2330 889 2381 accipi
909 2344 984 2368 non
1009 2330 1122 2381 posse,
1152 2328 1382 2368 manifestum
1407 2333 1461 2376 fit,
1488 2334 1587 2383 quod
1614 2334 1706 2372 viris

393 2394 511 2433 doctis
530 2403 715 2435 notatum,
734 2405 819 2429 cum
845 2406 883 2428 v.
914 2405 989 2443 594
1015 2391 1094 2440 jam
1119 2403 1201 2427 eam
1219 2393 1499 2431 memoraverit.
1552 2395 1708 2434 Necesse

390 2454 512 2506 igitur
530 2454 593 2496 est,
624 2452 756 2490 Silium
777 2451 891 2489 verba
912 2455 1045 2502 patriis
1063 2450 1109 2489 ab
1125 2454 1195 2489 oris
1222 2450 1303 2502 sup.
1333 2466 1371 2490 v.
1403 2455 1472 2505 198
1502 2453 1608 2503 hujus
1637 2455 1706 2494 lib.

393 2515 431 2554 X
456 2513 633 2564 accepifl‘e
651 2513 697 2549 de
717 2511 899 2555 Bononia,
915 2516 1113 2563 'tamquam
1134 2510 1251 2562 prisca
1282 2512 1381 2551 Ocni
1400 2523 1437 2551 et
1456 2513 1578 2564 patria
1606 2514 1706 2559 sede,

392 2586 592 2626 autequam
609 2573 655 2611 ad
671 2574 869 2612 Mantuam
889 2572 1124 2611 condendam
1142 2571 1359 2611 disceffiss‘et.
1415 2573 1575 2612 Diversa
1590 2574 1707 2626 igitur

391 2647 432 2675 et
445 2638 524 2675 haec
538 2637 588 2674 est
611 2634 659 2673 ab
687 2648 746 2677 ea,
777 2647 887 2684 quam
901 2633 1012 2684 supra
1037 2647 1084 2671 ex
1110 2632 1240 2672 Servio
1259 2633 1306 2671 ad
1332 2648 1373 2673 v.
1400 2638 1470 2685 198
1496 2635 1708 2687 attigimus,

390 2696 517 2735 fabula
535 2696 581 2735 de
600 2694 751 2734 condita
768 2695 816 2733 ab
844 2695 954 2732 Ocno
983 2694 1125 2732 Felfina
1160 2696 1220 2743 (ut
1249 2707 1334 2732 cum
1368 2695 1545 2734 Cluverio
1574 2696 1706 2747 legen-

390 2756 523 2804 dum),
550 2756 611 2794 seu
631 2754 813 2793 Bononia.
867 2755 953 2792 Lux
972 2768 1018 2792 ex
1036 2754 1095 2792 his
1114 2753 1255 2791 affundi
1273 2756 1391 2806 potest
1410 2765 1506 2794 notae
1524 2755 1615 2806 Julii
1638 2756 1706 2793 Sa-

389 2815 470 2854 bini
499 2816 547 2854 ad
579 2815 635 2853 vs.
662 2828 735 2867 203
765 2815 847 2865 Ipfh
875 2824 977 2865 caput
1002 2813 1147 2866 populis,
1177 2813 1242 2866 qui
1266 2814 1313 2854 de
1331 2815 1499 2854 Bononia
1516 2816 1586 2854 hoc
1603 2813 1704 2853 aeci-

390 2888 481 2928 pere
509 2874 643 2919 voluit,
1677 2897 1681 2901 ,

1457 2932 1490 2971 Ε
1507 2932 1541 2970 Χ
1552 2931 1585 2971 C
1598 2931 1638 2970 U
1649 2931 1704 2970 R-
