1847 3313
369 304 464 353 260
731 300 1236 349 EXCURSUS
1291 300 1338 347 11

369 433 424 470 illi
444 445 610 483 accepere
628 433 842 469 advenarum
862 443 980 481 opera.
1039 430 1107 467 Eas
1129 430 1289 481 Pelasgos
1307 428 1443 480 prImos
1463 427 1672 479 Dionysi-ua,

372 492 555 541 Trojanos
593 492 788 532 Sallustius,
824 489 975 526 iutulin'e
1013 489 1134 534 aiunt3
1182 489 1242 526 sed
1278 489 1526 525 communiore
1560 487 1675 529 fama,

373 550 508 587 vicium
530 549 635 600 primi
656 548 817 585 homines
835 548 870 584 iu
890 548 946 584 his
964 547 1050 584 locis
1064 548 1271 596 cultumque
1291 548 1475 584 meliorem
1495 559 1514 583 a
1531 548 1678 584 Saturne

375 609 516 645 aum-re
535 608 704 657 accepisse
724 607 926 651 traduntur,
953 606 990 642 in
1009 607 1109 655 cujus
1126 606 1309 658 personam
1338 606 1498 643 Romani
1526 604 1675 642 transtu-

374 669 447 705 lere
474 680 619 704 aurcum
639 666 794 702 seculum
814 675 849 702 et
867 665 935 701 alia
953 665 1070 715 plura,
1095 678 1173 713 quae
1197 664 1409 702 Grzrcorum
1428 667 1540 713 Κςόνος
1558 661 1677 700 homi-

376 739 464 764 num
496 725 625 762 animis
654 724 880 774 subjiciebat,
908 737 993 760 cum
1022 723 1127 760 semel
1149 733 1337 773 utrumque
1360 724 1424 759 ess'e
1441 722 1592 760 eundem
1610 733 1677 770 pu-

377 789 506 830 tarent,
527 798 597 822 non
617 784 766 820 meliore
788 783 881 832 jure,
912 795 1016 831 quam
1036 795 1119 819 cum
1139 782 1329 819 Poenorum
1363 782 1448 818 Baal
1475 781 1531 817 vel
1555 779 1678 816 Molo-

378 844 466 882 chus
481 858 543 896 pro
562 844 715 880 Saturno
732 843 873 879 habitus
891 844 949 878 est.
996 839 1143 879 Ab'hoc
1163 842 1304 879 Saturni
1322 840 1469 892 profugi
1485 849 1521 877 et
1538 838 1681 877 latentis

378 903 419 940 in
437 904 491 942 his
508 903 609 940 terris
624 903 779 939 adventu
798 902 892 938 Latii
916 914 1043 938 nomen
1073 901 1198 950 repetit
1227 905 1332 950 poeta
1361 898 1546 936 communi
1563 911 1680 948 popu-

379 964 509 1001 larium
538 975 655 1001 errore
682 975 725 998 ex
753 962 869 1011 inepta
889 960 1123 1010 etymologia.
1142 974 1175 996 v.
1203 960 1279 1011 sup.
1309 959 1457 997 Excurs.
1478 958 1535 995 IV
1551 958 1596 994 ad
1615 956 1679 995 lib.

385 1023 472 1061 VII.
526 1023 569 1059 In
600 1031 734 1072 partem
763 1018 927 1056 beneficii
960 1019 1076 1056 cultus
1105 1018 1260 1055 melioris
1286 1019 1385 1055 allati
1414 1019 1610 1054 advocatur
1636 1015 1684 1052 ab

381 1081 461 1119 aliis
482 1082 614 1130 Jasms,
643 1078 705 1130 qui
735 1079 925 1115 Saturnum
953 1077 1112 1128 hospitio
1140 1077 1311 1126 excepisse
1343 1076 1492 1113 dicitur.
1519 1075 1569 1111 cf.
1598 1073 1682 1110 Ma-

381 1141 482 1179 crob.
508 1141 580 1177 Sat.
602 1139 633 1183 I,
652 1152 690 1188 7.
743 1138 839 1174 Cum
858 1136 963 1174 semel
981 1151 1086 1174 aurea
1113 1138 1197 1174 τείας
1229 1136 1266 1173 in
1293 1135 1437 1173 Saturni
1461 1147 1576 1171 aevum
1601 1134 1685 1170 effer

384 1200 527 1248 rejefta,
557 1198 664 1234 etiam
681 1196 829 1233 ferream
849 1204 988 1232 aetatem
1019 1195 1065 1231 ab
1090 1196 1166 1245 ejus
1192 1197 1327 1233 exceffu
1354 1194 1539 1232 successiffe
1555 1193 1683 1244 proba-

381 1260 457 1296 bile
471 1256 586 1295 videri
602 1255 740 1292 debuit.
792 1255 917 1304 Itaque
935 1258 1044 1305 poeta
1069 1267 1104 1292 v.
1126 1257 1199 1303 326
1218 1256 1372 1292 Deterior
1387 1255 1482 1291 donec
1501 1252 1684 1303 paullatim

376 1336 418 1357 uc
435 1318 557 1356 decolor
572 1328 657 1354 aetas
688 1316 732 1352 Et
751 1315 832 1352 belli
845 1314 951 1352 rabies
967 1325 998 1351 el
1016 1330 1108 1352 amor
1120 1315 1265 1364 stcccffl
1283 1315 1439 1353 habendi.
1494 1313 1542 1350 Et
1559 1314 1604 1351 ad
1621 1314 1684 1351 has

376 1386 580 1428 temporum
609 1376 704 1412 vices
736 1374 901 1424 praeclare
930 1372 1037 1409 refert
1066 1377 1176 1423 poeta
1206 1373 1322 1410 varias
1350 1372 1526 1417 fortunas,
1554 1372 1686 1423 quibus

376 1448 494 1490 partes
521 1437 574 1472 hae
600 1434 714 1471 ltaliae
740 1433 837 1469 fuere
862 1433 1015 1482 ja&atae.
1069 1431 1132 1468 Ad
1149 1431 1349 1469 historicam
1368 1441 1485 1468 tamen
1503 1431 1687 1469 subtilita-
1720 1438 1724 1440 ’

379 1506 452 1534 tem
471 1508 595 1546 parum
613 1491 885 1530 accommodate
905 1490 1030 1528 dixisse
1048 1489 1165 1528 videri
1183 1490 1312 1528 debet:
1343 1490 1429 1528 ‘Tum
1445 1505 1559 1528 manus
1582 1492 1687 1541 Auso-

380 1562 441 1595 nia
470 1566 500 1591 ct
525 1564 638 1605 gentes
668 1566 788 1588 venere
817 1551 963 1589 Sicanae.
1020 1549 1118 1586 Nam
1153 1550 1279 1593 Sicani,
1309 1549 1369 1586 etsi
1398 1553 1505 1600 poeta
1529 1562 1589 1587 eos
1605 1549 1687 1587 aliis

381 1626 527 1664 quoque
554 1612 642 1650 locis
671 1610 849 1654 nominat,
879 1610 993 1646 nullas
1027 1609 1066 1646 in
1099 1608 1206 1646 Italia
1229 1608 1326 1646 sedes
1356 1608 1526 1653 habuere,
1558 1608 1617 1646 sed
1636 1622 1683 1646 ex

382 1672 564 1724 Hispania
594 1684 615 1708 a
642 1668 839 1719 Liguribus
873 1668 962 1719 pulsi
998 1668 1035 1705 in
1062 1667 1226 1705 Siciliam
1257 1667 1488 1717 trajecerunt,
1515 1667 1578 1705 ubi
1595 1678 1687 1706 tem-

383 1732 482 1785 poris
500 1731 650 1768 successu
673 1728 815 1767 Siculos
843 1727 937 1764 uaffl
968 1726 1047 1764 sunt
1078 1727 1233 1771 accolas,
1264 1727 1327 1776 qui
1357 1738 1401 1762 ex
1433 1725 1538 1765 Italia
1565 1727 1688 1778 profu-

383 1796 523 1843 gerant.
581 1789 648 1825 Pro
674 1786 791 1825 Siculis
821 1784 958 1836 itaque,
992 1785 1066 1830 seu,
1094 1794 1134 1822 ut
1163 1786 1329 1836 equidem
1361 1785 1451 1822 mihi
1481 1786 1690 1836 persuadeo,

385 1851 485 1902 quod
505 1851 664 1886 auetores
690 1845 851 1888 haberet,
870 1843 933 1896 qui
950 1845 999 1882 ita
1020 1845 1214 1888 traderent,
1246 1845 1319 1888 seu,
1351 1845 1448 1893 quod
1468 1844 1608 1882 Servius
1625 1846 1690 1882 sta-

386 1911 488 1949 misse
506 1909 648 1946 videtur
672 1907 717 1943 ad
749 1906 822 1950 XI,
853 1919 942 1956 317,
968 1906 1154 1957 poeticum
1183 1918 1319 1942 morem
1340 1903 1519 1954 sequutus,
1545 1905 1693 1942 Sicanos

387 1971 486 2008 dixit
505 1969 626 2010 Maro,
655 1976 694 2003 ut
708 1967 782 2016 jam
803 1965 977 2002 Cluverio
996 1965 1218 2002 observatum
1236 1964 1302 2001 lib.
1321 1963 1395 2007 HI,
1419 1976 1453 2001 c.
1472 1965 1506 2008 I,
1536 1978 1572 2015 p.
1600 1967 1692 2016 788,

387 2028 452 2068 etsi
470 2028 578 2065 etiam
593 2025 657 2063 alii
674 2024 858 2075 scriptores
875 2025 1026 2061 eundem
1045 2037 1200 2062 errorem
1217 2023 1451 2068 admiserunt,
1479 2037 1514 2061 v.
1539 2038 1572 2062 c.
1591 2024 1691 2064 Gell.

386 2088 426 2132 I,
459 2101 518 2131 10,
545 2098 627 2123 cum
662 2083 831 2121 Macrob.
858 2082 876 2118 I
904 2083 977 2121 Sat.
1012 2098 1048 2134 ς.
1102 2083 1268 2120 Maronis
1284 2084 1448 2132 exemplo
1463 2084 1594 2121 Sicanos
1613 2084 1690 2122 Ru-

391 2146 477 2184 tulis
508 2145 621 2182 socios
652 2141 785 2193 adjecit
815 2140 882 2180 lib.
915 2140 1029 2186 VIII,
1059 2143 1130 2193 358
1160 2141 1285 2178 Silius.
1340 2141 1546 2178 Tenuerant
1573 2152 1692 2180 autem

394 2205 510 2243 Siculi
528 2205 607 2242 loca
625 2202 718 2252 inter
735 2199 906 2237 Tiberim
923 2210 957 2237 et
976 2199 1093 2237 Lirim
1125 2200 1190 2249 (cf.
1210 2199 1364 2250 Dionys.
1382 2200 1417 2244 I,
1442 2215 1464 2251 9
1482 2210 1517 2238 et
1533 2201 1580 2239 al.
1632 2202 1693 2239 In-

392 2265 520 2318 primis
552 2264 591 2302 id
623 2264 765 2300 testatur
799 2269 899 2297 vetus
933 2260 1116 2298 oraculum
1149 2259 1304 2310 Pelasgis
1337 2259 1484 2296 datum:
1531 2263 1694 2312 Στείχετε

393 2327 562 2373 μαιόμενοι
590 2326 726 2360 Σικελῶν
755 2321 926 2369 §mag-*mov
955 2318 1045 2364 caim,
1072 2320 1122 2361 ἧδ’
1149 2319 1390 2369 Ἀβοξιγιύι’ων,
1417 2319 1486 2356 five
1504 2333 1584 2357 vere
1601 2322 1694 2359 antl-

395 2397 508 2435 quum
525 2382 617 2419 illud
635 2380 721 2423 fuit,
748 2378 817 2415 five
842 2378 948 2416 serius
972 2379 1123 2423 fistum).
1176 2379 1267 2415 Sane
1289 2377 1354 2414 alii
1383 2377 1523 2415 Siculos
1541 2381 1586 2417 ad
1605 2381 1695 2419 infe-

395 2443 530 2481 riorem
547 2439 688 2477 Italiam
705 2447 740 2475 et
759 2437 803 2474 ad
821 2437 916 2474 sedes
935 2437 1187 2474 OEuotriorum
1208 2447 1387 2480 revocant,
1419 2437 1547 2487 quibus
1565 2440 1697 2479 reliffls

398 2502 455 2541 illi
471 2501 511 2539 in
539 2499 701 2538 Siciliam
719 2496 891 2546 trajecisse
908 2506 1117 2534 narrantur:
1145 2507 1182 2534 et
1205 2496 1311 2534 habet
1329 2496 1453 2546 utique
1472 2497 1539 2535 hoc
1567 2500 1695 2549 proba-

397 2562 578 2600 bilitatem
607 2571 651 2596 ex
677 2570 736 2602 eo,
770 2557 868 2607 quod
893 2570 912 2594 c
940 2556 1167 2608 propioribus
1192 2556 1280 2593 locis
1306 2555 1452 2592 facilior
1477 2558 1543 2595 effe
1568 2559 1696 2598 debuit

399 2620 564 2671 trajeftus
580 2617 618 2655 in
635 2617 801 2660 insulam,
835 2628 942 2665 quam
971 2629 1015 2653 ex
1047 2615 1137 2654 loeis
1161 2615 1259 2653 circa
1288 2614 1468 2652 Tiberim.
1503 2616 1697 2658 Enimvero

398 2693 476 2718 non
503 2677 574 2716 'nisi
601 2678 738 2715 incerta
767 2675 813 2712 de
841 2673 897 2712 his
925 2674 1022 2712 fama
1047 2689 1092 2712 ex
1121 2673 1334 2725 antiquitate
1367 2673 1554 2725 superfuit,
1588 2691 1697 2728 quam

396 2742 446 2780 ad
460 2751 597 2781 certam
611 2740 767 2792 aliquam
783 2737 1076 2791 probabilitatem
1088 2737 1258 2790 refingere
1272 2737 1477 2776 studuerunt
1494 2738 1697 2791 scriptores,

1631 2812 1697 2851 pro
