1847 3313
405 250 816 306 AENEIDOS,
868 249 1021 298 LIB.
1072 248 1183 296 VII.

114 385 313 445 Fatidici
331 383 571 449 genitoris,
592 382 706 436 adit,
731 380 950 442 lucosque
973 379 1055 424 sub
1072 378 1165 424 alta

1361 267 1419 317 23

1364 379 1419 435 82

113 476 326 524 Consulit
350 475 567 522 Albunea
588 491 598 519 :
624 489 876 519 nemorum
899 487 1007 534 quae
1033 484 1255 516 maxuma
1271 467 1402 515 sacro

113 565 261 627 fonte
283 564 429 620 sonat,
452 561 715 624 saevamque
738 561 924 606 exhalat
946 574 1093 622 opaca
1116 555 1391 620 mephitim.

155 695 209 732 84.
229 703 312 738 ponte
329 695 486 737 Porphyr.
514 694 554 726 ad
576 694 692 726 Horat.
731 695 878 739 saevumq.
898 692 1017 724 Medic.
1057 692 1207 736 scrvamq.
1229 689 1416 722 Arufianus.

111 748 223 787 exaltat
245 746 386 784 Mentel.
403 757 450 788 pr.
468 758 485 776 a
501 757 546 776 m.
572 757 619 787 pr.
641 753 672 776 et
699 746 799 780 Goth.
825 745 927 776 alter:
951 745 1092 786 mephitim
1119 742 1228 774 Heius.
1259 740 1379 782 recepit
1402 749 1419 769 e

114 797 232 828 Medic.
253 805 285 828 et
311 798 390 834 aliis,
412 797 601 827 auetoritate
630 796 937 832 Grammaticorum,
959 803 991 825 et
1010 804 1099 824 mort:
1123 792 1254 833 Virgilii
1268 790 1421 827 flestcndi

113 860 217 891 graeca
232 849 340 881 latine.
388 849 492 891 Vulgo
509 851 652 893 mephitim.
697 847 835 880 Librarii
853 847 994 880 scribunt
1021 845 1087 891 sere
1112 846 1222 889 mefitim
1239 843 1291 876 vel
1307 844 1425 888 mgfitin.

114 903 211 950 Rom.
224 901 349 946 mqfitem.

113 1033 190 1057 ver.
209 1019 292 1057 Ital.
316 1033 354 1073 p.
385 1033 457 1071 715
486 1022 601 1071 (nune
619 1017 737 1071 Aequa

114 1072 223 1124 zoffu,
251 1072 309 1108 vel
340 1072 519 1122 Soffatara
549 1073 587 1107 di
603 1071 735 1116 ‘siv-oli,

114 1121 307 1172 dequibus
335 1137 368 1160 v.
405 1125 457 1160 La
476 1125 588 1160 Lande
609 1123 738 1175 quage

114 1176 153 1211 κί’
176 1175 274 1212 Italic
294 1175 343 1212 T.
380 1173 431 1217 V,
465 1188 502 1223 p.
538 1175 609 1222 338
630 1174 737 1224 sqq.)-

115 1220 173 1263 Ex
205 1225 350 1263 Albulae
384 1225 542 1262 fluminis
578 1224 740 1263 fontibus

115 1277 229 1327 major
247 1278 414 1322 Albunea,
444 1276 523 1313 fons
550 1285 586 1313 et
619 1275 738 1326 Nym-

117 1329 203 1378 pha,
221 1341 265 1365 ex
286 1329 446 1366 Horatio
463 1338 549 1365 nota
573 1329 591 1365 Ι
609 1328 734 1368 Carm.

116 1393 155 1429 7,
179 1394 191 1417 1
202 1395 221 1418 2
236 1382 343 1418 domus
355 1381 519 1430 Albrtneae
537 1383 733 1428 resonanti53

117 1441 158 1468 ut
183 1431 221 1471 h'.
253 1433 280 1470 l,
313 1448 387 1482 quae
407 1436 638 1482 fontesonat3
673 1432 735 1469 etfi

118 1495 230 1526 nunc,
247 1484 323 1532 post
341 1493 452 1520 tantas
473 1481 588 1520 rerum
607 1481 737 1519 viciffi-

120 1534 278 1578 tudines‚
307 1547 433 1571 natura
464 1534 575 1571 fontis
602 1544 637 1569 et
663 1534 737 1571 loci

117 1585 226 1622 facies
250 1587 299 1623 est
317 1585 468 1624 diversa.
520 1585 738 1633 subjacebat

117 1635 212 1673 sonti
256 1637 347 1675 lucus
392 1643 510 1687 (quem
556 1636 737 1673 Martialis

115 1700 258 1736 quoque
288 1689 325 1725 in
355 1689 410 1725 his
445 1689 533 1724 locis
567 1698 737 1725 {memorat

116 1738 136 1774 Ι
156 1737 283 1788 Epigr.
308 1753 367 1788 13,
386 1742 422 1787 3)
444 1739 737 1782 Albuneaesacer,

118 1788 158 1825 in
177 1803 249 1838 quo
267 1790 354 1827 olim
375 1790 487 1827 Fauni
512 1791 682 1841 templum
703 1800 738 1827 et

117 1840 301 1878 oraculum
344 1856 364 1878 a
408 1843 514 1892 poeta
556 1842 736 1892 proditur.

122 1894 182 1929 82.
217 1893 291 1930 alfa
308 1893 478 1938 Albunea,
502 1894 581 1930 fons
600 1893 638 1929 in
655 1894 738 1930 lacu

119 1942 349 1993 inexploratae
380 1945 605 1989 altitudini53
659 1945 737 1982 vid.

121 1995 269 2032 Cluver.
289 1997 312 2033 1.
334 2010 366 2034 c.
422 1996 521 2033 Male
540 1997 640 2035 Serv.
659 1999 744 2048 quod

119 2047 162 2095 cst
179 2051 213 2083 in
240 2046 428 2085 Tiburtinis
459 2049 535 2085 altis
568 2047 738 2086 mon'tz'bus.

122 2097 221 2133 Nam
233 2099 273 2136 id
287 2112 307 2136 a
320 2100 482 2144 locorum
495 2101 556 2136 fitu
568 2099 739 2143 alienum.

121 2164 281 2188 nemorum
324 2167 398 2202 quae
453 2157 602 2189 maxima
644 2150 743 2200 sario

125 2201 226 2238 Fonte
228 2204 331 2250 scinat
346 2203 382 2240 h.
414 2216 448 2240 e.
467 2216 546 2252 quae
572 2203 740 2250 Albunea

122 2251 281 2289 maxima
313 2253 400 2304 (five
418 2268 480 2305 per
497 2254 544 2297 se,
561 2254 597 2290 h.
615 2253 740 2290 admo-

121 2303 209 2340 dum
229 2318 373 2355 magna‚
402 2306 472 2342 five
488 2305 581 2342 inter
597 2315 741 2342 caeteras

122 2367 246 2405 aquas,
276 2358 330 2394 seu
351 2356 483 2401 fontes,
510 2368 549 2394 ut
582 2357 626 2393 ad
663 2357 740 2406 plu-

123 2419 177 2444 res
195 2408 339 2444 Albulae
356 2408 469 2445 fontes
506 2408 733 2458 respiciatur)

123 2471 186 2509 per
214 2459 277 2496 illa
313 2472 472 2504 nemora,
507 2460 546 2496 in
580 2460 646 2496 isto
681 2473 741 2495 ne-

124 2522 240 2554 more,
272 2511 370 2549 sacro
397 2511 497 2549 fonte
530 2520 662 2549 manat.
690 2527 744 2547 ne-

124 2577 261 2607 morum,
289 2575 404 2613 graece
417 2563 569 2606 dififflm,
587 2564 680 2599 κατὰ
699 2566 744 2600 TE

124 2616 246 2652 dares.
301 2616 515 2664 Interpretes
556 2613 744 2651 difficilio-

125 2678 201 2709 rem
217 2665 365 2704 dicendi
383 2667 532 2704 modum
550 2679 622 2702 non
635 2665 744 2703 attin-

124 2720 208 2768 gere
243 2716 388 2755 miratus
421 2718 510 2755 sum.
567 2716 743 2767 Pompon.

126 2769 210 2806 Sab.
230 2773 378 2807 maxima
397 2769 553 2819 nympha
569 2769 626 2805 vel
645 2769 743 2806 silva.

124 2821 238 2862 Male.
293 2821 423 2859 Forma
457 2819 631 2859 orationis
671 2832 745 2858 non

802 1016 977 1055 diffimilis
1010 1014 1073 1053 illa
1101 1013 1245 1053 Tibulli
1279 1010 1353 1061 ΠΙ,
1383 1024 1422 1061 5,

804 1082 823 1118 3
843 1070 1011 1106 Baiarum
1042 1072 1192 1104 maxima
1207 1064 1330 1114 stlvis,
1357 1062 1422 1111 ubi

802 1121 853 1158 cf.
885 1119 988 1156 Obff.
1045 1119 1153 1155 Poffis
1170 1126 1206 1153 et
1221 1116 1303 1154 lacos
1321 1130 1425 1151 nemo-

801 1188 874 1209 rum
902 1172 1073 1221 jungere3
1105 1169 1164 1206 sed
1193 1178 1269 1204 tum
1294 1178 1422 1217 parum

801 1222 955 1261 suaviter
982 1234 1086 1259 voces
1116 1220 1189 1257 istae
1218 1218 1325 1255 effent
1352 1216 1424 1253 dis-

796 1275 954 1325 jun&ae;
1004 1273 1183 1310 debebant
1216 1270 1339 1307 saltem
1374 1268 1422 1304 fic

799 1324 997 1362 Collocari:
1026 1337 1249 1373 nemorumque
1254 1321 1325 1370 sub
1347 1317 1426 1357 alta

804 1375 955 1427 Cmgsulit
987 1376 1144 1413 Albunea
1161 1375 1246 1412 lucos
1262 1387 1319 1424 q.;
1361 1379 1425 1407 aut

785 1433 886 1479 fbnte
904 1441 1087 1471 nemorum3
1107 1438 1145 1464 ut
1163 1426 1204 1462 sit
1221 1440 1296 1475 quae
1314 1428 1426 1460 maxi·-

800 1496 856 1516 ητα
872 1483 976 1528 sonat
989 1482 1088 1529 sacro
1106 1483 1205 1529 some
1235 1486 1421 1513 nemorum}

801 1530 969 1580 displicet
1012 1540 1131 1566 tamen
1174 1536 1210 1564 et
1249 1526 1333 1564 hoc.
1387 1525 1425 1561 A

803 1582 971 1632 sulphure
988 1594 1157 1631 aquarum
1170 1577 1326 1628 exsurgit
1340 1589 1423 1626 gra-

803 1633 858 1669 vis
873 1633 979 1675 odor,
997 1646 1103 1683 quem
1123 1631 1287 1682 mephitim
1303 1628 1424 1678 appel-

804 1685 917 1721 lavit:
955 1684 1008 1722 cf.
1044 1685 1159 1731 Serv„
1195 1681 1258 1732 qui
1302 1690 1424 1717 tamen

805 1738 916 1772 multa
958 1732 1051 1773 vaiia
1086 1734 1273 1771 admiscet.
1319 1730 1423 1767 Hinc

806 1787 885 1823 Dea
904 1786 1095 1837 Mephitis,
1119 1786 1220 1833 cujus
1236 1783 1326 1821 aedes
1342 1794 1426 1818 cum

805 1838 885 1874 aliis
920 1838 1025 1882 locis,
1069 1847 1146 1874 tum
1179 1836 1218 1886 iri
1254 1833 1427 1883 Hirpinis

805 1900 879 1926 erat
898 1890 943 1927 ad
965 1888 1150 1927 Amsanffi
1174 1887 1314 1932 vallem.
1338 1884 1424 1921 vid.

809 1941 902 1978 Piin.
933 1941 987 1986 Π,
1016 1954 1063 1991 93
1084 1950 1119 1977 et
1134 1939 1205 1979 inf.
1222 1938 1315 1980 VII,
1336 1936 1423 1987 564.

808 1994 897 2044 565,
932 2003 971 2030 ut
990 1991 1138 2029 omnino
1155 1991 1194 2028 in
1224 1989 1336 2026 tutela
1352 1988 1427 2037 ejus

805 2044 910 2081 fuisse
928 2044 1115 2081 videantur
1132 2055 1232 2092 aquae
1248 2040 1426 2077 sulfureae.

808 2096 869 2132 An
884 2096 987 2145 hujus
1002 2095 1142 2146 vaporis
1155 2090 1336 2141 sulphurei
1352 2089 1428 2127 vim

807 2148 964 2198 aliquam
989 2147 1118 2184 divino
1136 2143 1265 2197 spiritu
1283 2140 1430 2180 afflandi

807 2199 872 2235 esse
900 2197 1120 2237 crediderint
1141 2209 1272 2234 veteres
1291 2193 1426 2231 Abori-

807 2251 924 2300 gines,
951 2251 1151 2301 ignoratur.
1204 2246 1359 2290 Probus,
1388 2253 1430 2281 ut

811 2302 986 2352 l'ompon.
1007 2302 1091 2339 Sab.
1110 2301 1156 2336 ad
1173 2300 1210 2338 h.
1237 2313 1272 2336 v.
1293 2308 1428 2334 memo-

810 2363 877 2398 rat,
887 2353 1075 2391 Albzmeam
1086 2347 1429 2397 Laurentinorumstl.

809 2421 894 2442 vam
925 2404 1151 2455 exposuerat,
1183 2410 1217 2440 in
1233 2416 1299 2452 qua
1315 2414 1429 2438 oram.-

808 2456 892 2494 lmu'
913 2457 1026 2494 Fauni
1047 2465 1122 2493 erat
1136 2458 1154 2500 ;’
1177 2453 1277 2504 quod
1310 2461 1431 2489 tamen

810 2509 905 2545 inter
930 2504 1262 2549 Grammaticorum
1285 2506 1432 2552 ἀνιςοξη-

811 2562 887 2598 σίας
897 2559 1118 2598 referendum
1128 2574 1138 2603 3
1156 2570 1238 2594 nam
1246 2555 1432 2593 deTibur-

810 2613 904 2654 tino,
924 2624 995 2648 non
1017 2609 1254 2652 Laurentino,
1267 2619 1356 2660 agro
1368 2605 1432 2643 hie

811 2663 1062 2714 cogitandum.
1075 2675 1110 2699 v.
1124 2660 1272 2697 Cluver.
1290 2672 1326 2708 p.
1342 2657 1432 2708 716.

812 2714 883 2751 Sed
902 2715 1058 2752 Albunea
1076 2712 1168 2750 inter
1186 2709 1328 2761 Sibyllas
1341 2721 1432 2758 quo-

811 2780 881 2817 que
914 2774 1130 2803 memoratur
1159 2775 1179 2798 a
1208 2761 1362 2798 Tibullo
1378 2758 1434 2804 II,

812 2832 852 2871 5,
871 2821 934 2869 69.
954 2830 1004 2870 70
1031 2826 1067 2854 et
1086 2813 1276 2853 Laftantio
1292 2813 1311 2849 Ι
1327 2811 1431 2902 6lust.

829 2885 831 2887 ·
1353 2890 1367 2909 ,
1395 2872 1435 2900 ut
