1847 3313
384 228 999 289 AENEIDOQLIB.
1052 231 1143 280 XI.
1328 249 1419 298 543

113 350 374 407 Procubuit
387 363 608 420 moriens,
623 375 668 409 et
679 363 879 410 humum
895 363 1034 410 semel
1048 381 1126 411 ore
1142 365 1417 413 momordit.

114 447 196 493 Sin
219 459 266 494 et
283 464 394 511 opes
416 450 566 506 nobis,
587 463 634 497 et
652 451 804 499 adhuc
830 451 1002 498 intaeta
1026 453 1257 510 inventus,

113 539 404 602 Auxilioque
425 540 561 587 urbes
586 541 721 587 Italae
738 542 998 604 populique
1020 542 1287 605 supersunt:
1322 560 1418 606 420

114 626 197 673 Sin
217 640 267 674 et
292 627 508 692 Trojanis
533 645 645 675 cum
668 629 821 676 multo
838 631 989 693 gloria
1008 634 1139 680 venit

111 719 350 784 Sanguine
364 745 376 775 ;
412 720 516 767 sunt
539 720 634 766 illis
658 720 736 767 sua
760 720 934 779 funera,
958 741 1134 788 parque
1152 744 1236 790 per
1257 731 1414 778 omnis

114 809 416 874 Tempestas:
456 827 541 858 cur
562 812 805 859 indecores
831 812 879 858 in
902 813 1068 862 limine
1090 819 1248 880 primo

112 897 381 946 Deficimus
396 898 413 944 ?
447 914 531 946 cur
543 910 650 946 ante
665 900 831 946 tubam
849 912 1026 949 tremor
1039 919 1238 968 occupat
1256 919 1380 954 artus
1395 907 1415 954 Ξ

1318 1010 1410 1059 425

154 1093 230 1130 418.
242 1094 333 1135 stmul
354 1092 480 1124 Zunch,
505 1102 523 1122 a
539 1101 583 1121 m.
610 1101 660 1133 pr.
688 1091 748 1123 Ed.
778 1092 862 1125 Ven.
893 1093 1019 1133 Burm,
1043 1103 1074 1127 et
1093 1096 1147 1138 qui
1166 1097 1272 1138 paullo
1288 1098 1419 1140 majoris

112 1145 157 1176 est
177 1145 374 1176 autstoritatis
399 1145 468 1176 cod.
496 1146 592 1174 Rom.
639 1143 751 1184 Sicque
768 1143 850 1185 conj.
878 1145 1049 1176 Burmann.
1066 1149 1105 1178 ad
1120 1148 1256 1182 Anthol.
1276 1151 1351 1181 Lat.
1368 1151 1413 1183 T.

111 1196 139 1232 Ι,
160 1206 234 1237 pag.
269 1195 320 1226 88.
364 1195 517 1226 Praeferet
544 1201 651 1224 tamen
679 1193 847 1234 vulgatum
879 1195 933 1235 qui
964 1197 1083 1238 cogitet
1113 1199 1301 1230 sententiam
1331 1201 1414 1234 effe:

111 1245 238 1288 ‘praestat
258 1245 354 1277 semel
373 1245 467 1277 mori.
505 1245 646 1276 memordit
661 1244 789 1285 aliquod
806 1246 889 1275 Pier.
916 1254 948 1277 et
964 1248 1056 1279 Leid.
1080 1250 1163 1280 conf.
1183 1251 1266 1289 Gell,
1288 1254 1360 1291 Vll,
1378 1263 1412 1294 9.

199 1307 274 1339 419.
297 1299 379 1342 Qin
394 1306 420 1328 et
437 1295 594 1327 Montalb.
610 1307 668 1337 pro
689 1306 755 1326 var.
770 1295 843 1327 1εᾶ.
889 1298 961 1328 Sunt
977 1308 1003 1329 et
1018 1310 1078 1342 opes
1102 1302 1161 1334 Ed.
1181 1303 1262 1334 Ven.
1282 1311 1313 1334 et
1329 1305 1416 1335 Dor-

111 1349 178 1380 viss,
197 1360 214 1379 a
226 1360 268 1380 m,
281 1348 340 1380 sec.
357 1348 438 1379 vobis
453 1347 554 1378 Goth.
574 1354 637 1377 tert
725 1355 797 1384 420.
811 1348 919 1390 Italip.
931 1349 1030 1381 Goth.
1046 1359 1118 1382 tert.
1209 1354 1415 1399 422.suntque

109 1400 166 1432 3255
176 1401 287 1436 Rom„
299 1398 423 1430 suavius
432 1398 552 1438 utique,
561 1397 758 1438 probantque
773 1398 855 1427 Pier.
871 1407 902 1429 et
914 1399 1034 1437 Heinfi,
1049 1412 1106 1433 nec
1118 1410 1225 1434 tamen
1236 1413 1412 1446 receptum.

99 1453 164 1493 sint
189 1452 243 1482 illis
267 1461 318 1492 pr.
345 1450 475 1486 Hamb„
499 1449 520 1480 f.
536 1460 594 1490 pro
606 1451 666 1490 sin,
691 1457 726 1479 ut
743 1449 824 1489 conj.
842 1450 949 1482 Heins.
995 1452 1038 1482 illi
1064 1464 1189 1495 quoque
1206 1455 1270 1497 legi
1286 1458 1414 1489 monuit

109 1504 238 1534 Servius
253 1510 284 1533 et
296 1513 334 1533 ex
349 1512 386 1532 co
401 1500 464 1543 Jul.
478 1500 595 1538 Sabin„
609 1508 644 1531 ut
661 1499 697 1530 fit
713 1511 770 1541 pro
789 1501 856 1538 illic,
876 1500 978 1542 ficque
999 1503 1091 1534 Leid.
1112 1515 1129 1534 a
1146 1516 1187 1536 rn.
1215 1518 1264 1547 pr.
1289 1516 1319 1539 et
1337 1509 1410 1542 edd.

109 1557 404 1598 aliquot.-—z‡24·
421 1554 575 1596 Dzficimur
587 1552 765 1590 Montalb„
774 1552 946 1593 eleganter,
955 1553 1060 1594 judice
1073 1557 1209 1594 Heinfio,
1224 1570 1319 1600 quem
1331 1572 1363 1592 v.
1372 1562 1414 1593 ad

110 1609 209 1641 Ovid·
230 1609 309 1649 Epp·
327 1608 371 1644 v,
389 1614 462 1644 150,
552 1613 624 1643 425.
649 1604 803 1647 variusque
813 1604 902 1641 labor,
918 1606 1003 1645 quod
1017 1607 1163 1638 Macrob.
1175 1617 1206 1640 et
1220 1612 1343 1642 Nonius
1357 1624 1414 1654 ag·

111 1658 406 1700 noscunt‚quodque
418 1655 939 1692 Brunckiusretraxit,anteHeins.
947 1656 1280 1700 legebatur,quiRom.
1292 1665 1415 1695 Medic·

111 1720 144 1744 et
157 1719 287 1743 caeteros
297 1708 444 1739 meliores
459 1707 552 1738 codd.
566 1706 715 1747 sequutus
729 1706 771 1736 est
784 1721 790 1736 ε
815 1714 846 1737 et
861 1707 958 1744 reete,
972 1709 1088 1749 primO,
1100 1712 1185 1750 quod
1197 1713 1368 1745 verborum
1379 1723 1413 1748 et

110 1762 327 1805 epithetorum
355 1757 520 1789 collocatio
543 1757 616 1788 inde
642 1757 706 1788 exit
722 1757 862 1798 poetica:
891 1761 971 1789 varii
986 1759 1059 1790 labor
1079 1763 1219 1793 mutabilis
1234 1768 1314 1803 aevi;
1338 1777 1411 1799 cum

109 1816 213 1845 varius
233 1811 312 1842 labor
326 1809 466 1841 mutabilis
481 1810 544 1839 aevi
567 1808 672 1838 minus
700 1808 830 1837 doCtum
848 1807 905 1845 fit3
928 1817 1009 1846 tum,
1028 1812 1116 1850 quod
1144 1813 1266 1846 dictum
1291 1816 1333 1847 est
1350 1818 1412 1851 hoc

108 1863 213 1907 ipsum
238 1861 432 1904 elegantiuS:
464 1861 546 1891 varii
568 1860 647 1890 labor
669 1860 810 1890 mutabilis
834 1863 921 1892 aevi:
944 1870 979 1891 ut
1003 1861 1039 1892 sit
1063 1875 1162 1894 aevum
1194 1869 1322 1906 varium,
1347 1881 1413 1911 quo

108 1915 198 1946 varia
223 1913 351 1944 fortuna
378 1910 546 1953 jatstamur.
592 1911 672 1941 labor
694 1911 835 1941 mutabilis
861 1911 892 1942 h.
927 1913 1064 1944 mutatio
1092 1914 1217 1952 laboris,
1248 1928 1411 1956 aerumnae.

108 1969 228 2011 bellique
242 1966 321 1997 labor
335 1964 456 2005 aliquot
469 1963 550 1994 Pier.
596 1963 741 2007 variisque
754 1964 894 1996 Dorvill.

113 986 275 1035 Multa
296 990 396 1037 dies
420 990 630 1053 variique
654 989 786 1037 labor
809 992 1048 1039 mutabilis
1074 995 1166 1041 aevi

109 2045 149 2082 in
169 2043 271 2081 malis
291 2041 361 2079 suis
385 2050 422 2078 et
447 2040 727 2078 calamitatibus.

108 2098 198 2145 418.
242 2095 376 2132 humum
429 2108 481 2130 ore
536 2094 701 2129 momordit
714 2108 727 2130 .·

110 2145 354 2183 Homericum
373 2159 409 2181 v,
429 2143 503 2194 sup.
523 2157 596 2180 var.
627 2143 726 2182 Len.

109 2200 157 2235 ad
184 2197 250 2235 lib.
282 2196 336 2239 X,
371 2199 458 2253 489.
513 2209 601 2245 419.
637 2210 727 2242 420.

109 2248 273 2300 Respicit
317 2248 441 2284 Latini
484 2246 593 2283 verba
624 2247 728 2296 supra

110 2314 326 2351 309-311,
353 2300 448 2336 urbes
477 2299 618 2334 Italiae:
659 2298 725 2336 ite-

110 2366 189 2390 rum
209 2351 364 2401 respectu
396 2349 601 2393 Diomedis,
634 2359 724 2387 tam-

106 2417 217 2455 quam
247 2401 371 2439 Graeci
402 2411 438 2438 et
465 2400 577 2438 exteri
610 2401 727 2439 homi-

108 2455 178 2492 nis.
254 2457 447 2504 fitpersunt,
510 2452 724 2502 superabun-

107 2508 211 2550 dant,
242 2506 358 2550 SerV„
387 2503 484 2554 quod
517 2504 638 2542 Burm,
659 2506 724 2541 ad·

107 2558 223 2597 struit.
276 2570 365 2607 421.
402 2556 516 2608 gloria
550 2567 616 2605 pro
646 2556 723 2593 vic-

106 2609 214 2653 toria,
245 2618 299 2653 ut,
335 2607 435 2645 κῦδος.
488 2606 550 2643 Ad
588 2606 723 2644 senten-

792 2041 858 2081 νίκη
873 2041 905 2078 δ’
923 2046 1147 2090 ἐπαμείβεται
1163 2047 1285 2098 ἅνδξας
1301 2049 1412 2091 Iliad.

790 2111 836 2143 χ,
855 2107 942 2145 339.
970 2096 1189 2135 Sententiam
1207 2113 1325 2139 aurem
1345 2103 1411 2140 tri-

789 2146 967 2191 tiffimam,
1000 2159 1117 2186 tamen
1151 2151 1294 2197 habuit,
1320 2168 1410 2203 quo-

789 2197 900 2234 modo
931 2199 1048 2237 verbis
1080 2214 1245 2241 ornaret:
1290 2206 1408 2244 Multa

788 2249 1060 2288 dies—Fortuna
1081 2253 1220 2292 locavit.
1291 2257 1406 2294 Enni-

791 2299 850 2336 ani
869 2301 983 2337 versus
1015 2302 1094 2340 sunt
1117 2305 1210 2354 apud
1237 2307 1407 2346 Macrob.

794 2350 863 2395 VI,
887 2368 923 2394 z,
957 2366 1047 2403 quos
1065 2365 1146 2392 ante
1166 2359 1288 2395 oculos
1304 2358 1407 2397 fuisse

789 2401 938 2440 Maroni
955 2404 1016 2441 ille
1034 2417 1156 2455 putat:
1204 2409 1310 2447 multa
1339 2412 1408 2448 dies

789 2460 824 2491 in
841 2454 923 2492 bello
940 2458 1065 2506 conficit
1081 2473 1163 2496 unus
1176 2473 1187 2503 ;
1216 2461 1261 2496 Et
1287 2461 1405 2500 multae

790 2509 900 2555 ruffus
920 2512 1075 2558 firtunae
1092 2514 1188 2559 fhrte
1206 2512 1406 2551 recumbunt.

788 2557 1057 2609 Haudquaquam
1075 2577 1263 2611 quemquam
1277 2566 1409 2613 semper

775 2612 924 2658 firtuna
927 2613 1071 2660 sequuta
1088 2614 1142 2661 ιβ.
1187 2611 1228 2649 In
1249 2612 1406 2653 Marone

105 2661 194 2699 tiam
206 2668 413 2710 comparant
429 2659 490 2695 vss'.
508 2657 724 2696 Homericos
786 2659 884 2697 labor
899 2668 974 2697 aevi
998 2674 1063 2711 pro
1091 2676 1167 2699 aevo
1196 2664 1405 2715 fimplicitet

106 2712 213 2750 Iliad.
249 2729 284 2761 ς,
322 2711 558 2759 361-363,
602 2719 637 2747 et
676 2711 722 2747 ad
785 2723 869 2748 cum
889 2712 1035 2749 notione
1060 2727 1225 2752 aerumnae
1241 2716 1402 2765 adjesta:

108 2778 141 2802 v.
161 2777 233 2816 425
262 2762 428 2801 laudatur
452 2762 577 2800 tritum
604 2761 719 2801 illud:

785 2761 847 2800 die
865 2773 902 2801 et
918 2776 1008 2807 ωνο,
1039 2765 1077 2804 h.
1095 2779 1127 2803 e.
1164 2768 1332 2819 temporis
1347 2769 1403 2806 vi-

1313 2819 1403 2857 ciffi-
