1847 3313
660 208 935 278 [607]

148 351 1441 393 „gg-..mm

144 484 584 561 AENEIDOS‚
623 483 786 546 LIB.
820 476 1449 548 DUODECIMUS.

141 691 397 779 TURNUS
431 743 484 779 ut
506 731 727 779 infractos
751 729 944 778 adverso
969 729 1129 776 Marte
1154 727 1351 775 Latinos

144 825 377 874 Defeciffe
401 825 544 880 videt,
572 823 650 870 sua
672 838 796 868 nunc
820 820 1042 884 promiffa
1062 818 1258 883 reposci,

137 917 204 964 Se
221 916 391 980 fignari
413 915 590 962 oculis:
626 915 750 961 ultro
774 911 1068 975 inplacabilis
1091 911 1239 966 ardet,

144 1006 446 1069 Adtollitque
467 1005 667 1051 animos.

739 1003 1000 1050 Poenorum
1023 1003 1171 1066 qualis
1196 1002 1243 1048 in
1269 1001 1404 1055 arvis,

143 1100 336 1147 Saucius
360 1098 439 1144 ille
461 1097 593 1161 gravi
618 1109 874 1142 venantum
902 1095 1090 1142 volnere
1111 1093 1287 1156 pecluS,
1421 1102 1444 1151 5

145 1189 272 1239 Tum
289 1191 485 1237 demum
498 1199 659 1236 movet
676 1204 805 1233 arma
821 1186 910 1243 leo,
932 1186 1200 1250 gaudetque
1217 1183 1449 1231 comantis

143 1284 402 1330 Excutiens
425 1280 608 1327 cervice
633 1292 775 1335 ῑοῑοε,
800 1279 1046 1340 fixumque
1071 1275 1261 1322 latronis

146 1372 402 1435 Inpavidus
428 1370 602 1434 frangit
622 1370 787 1425 telum,
817 1381 860 1414 et
885 1365 1042 1413 fremit
1064 1381 1142 1412 ore
1165 1376 1386 1412 cruento:

142 1467 291 1517 Haud
314 1469 441 1516 secus
462 1467 663 1514 adcenso
685 1464 846 1528 gliscit
862 1461 1086 1509 violentia
1110 1460 1292 1507 Turno.

187 1612 218 1643 3.
242 1603 329 1634 oculos
356 1601 480 1632 Medic.
504 1612 521 1631 a
544 1611 587 1631 m.
616 1609 663 1641 pr.

141 1662 238 1697 eorpus
255 1654 334 1684 alter
352 1652 530 1692 Hamburg.

753 1607 784 1635 4.
807 1595 967 1639 Attollitse
993 1596 1074 1625 alter
1090 1596 1217 1635 Menag.

622 1650 652 1680 6.
676 1657 768 1679 movet
784 1660 832 1678 ora
856 1657 905 1688 pr.
926 1647 1058 1685 Nlenag.

1310 1601 1339 1631 5.
1361 1605 1395 1623 τι.
1411 1604 1449 1624 v.

1105 1654 1210 1674 comata
1234 1641 1452 1674 Zulicl].-·—-·

146 1715 174 1744 7.
199 1707 333 1736 Excutiet
351 1701 484 1734 Mentel.
512 1712 530 1731 a
550 1711 595 1731 m.
624 1710 688 1741 pr„
707 1698 791 1728 unde
808 1696 919 1727 Heius.
938 1695 1021 1736 conj.
1039 1696 1179 1725 Excuticr
1200 1706 1220 1725 c.
1240 1702 1261 1724 t.
1306 1693 1395 1722 Tum
1411 1691 1447 1735 f.

142 1760 259 1788 Latinos
286 1755 431 1786 Pan-has.
476 1752 590 1786 Latinis
617 1750 717 1782 Goth.
750 1756 824 1780 tert.

138 1822 172 1853 g.
197 1808 340 1840 Pari-has.
379 1807 477 1850 gliscet
494 1804 621 1837 Medic.

142 1911 179 1940 et
196 1903 310 1940 viflus
337 1901 570 1939 interimitur.
626 1900 697 1939 Sed
726 1909 762 1937 et

143 1955 183 1991 in
201 1955 256 1992 his
273 1955 386 1991 multa
404 1954 555 1990 deorum
583 1952 763 1989 interven-

145 2017 184 2043 tu
218 2006 402 2050 incidunt,
440 2004 571 2054 quibus
611 2003 764 2054 erigitur

145 2058 285 2095 animus
299 2071 340 2094 ac
358 2056 516 2094 novitate
530 2056 739 2093 deleehatur.

202 2124 232 2147 1.
260 2113 444 2160 iaegfraHos:
473 2114 615 2144 “antea
633 2107 767 2156 semper

144 2172 216 2198 non
228 2161 400 2204 fraciosj'
419 2159 668 2210 interpretatur
682 2160 762 2194 Ser-

143 2213 238 2257 vius,
273 2225 378 2262 quem
410 2211 540 2248 mirum
572 2211 633 2254 est,
665 2223 760 2246 nunc

144 2265 288 2301 demum
309 2263 346 2300 in
361 2263 427 2300 hac
445 2275 532 2299 voce
552 2262 684 2299 haerere
698 2274 760 2310 po-

144 2316 262 2360 tuisse,
305 2327 412 2365 quam
453 2314 528 2362 jam
570 2312 762 2363 aliquoties

143 2370 260 2419 poetae
293 2366 552 2416 frequentatam
587 2364 760 2407 vidimus,

144 2432 182 2457 v.
201 2432 234 2457 c.
254 2418 330 2468 sup.
349 2417 426 2462 IX,
443 2429 518 2466 499
536 2420 696 2464 insraHae
714 2417 766 2452 ad

137 2471 267 2520 praelia
283 2477 387 2507 vires.
427 2467 652 2504 Monuerunt
671 2480 764 2504 nunc

144 2523 228 2559 satis
249 2521 353 2558 multi
375 2525 557 2572 itgfracst'um
574 2518 640 2555 ess'e
664 2519 768 2555 valde

143 2574 311 2611 fractum.
341 2571 389 2609 cf.
421 2572 477 2609 vel
508 2570 679 2607 Cerdam.
732 2577 768 2607 in

145 2625 202 2674 his
234 2625 340 2662 habet
378 2622 453 2660 vim
486 2621 703 2658 Graecorum
744 2639 768 2658 a

147 2676 328 2720 intenfivi,
369 2673 394 2711 fi
432 2674 542 2711 modo
578 2683 770 2721 utrumque

145 2728 320 2771 intendit,
352 2739 417 2763 nec
448 2723 582 2776 potiuS,
612 2734 652 2761 ut
681 2723 769 2774 saepe

146 2780 201 2826 fit,
227 2779 385 2818 otiosum
411 2786 514 2815 vacat
541 2784 577 2813 et
607 2794 630 2814 a
658 2785 693 2813 et
720 2782 767 2816 in-

915 1747 944 1779 8.
959 1748 1057 1789 fleg-it
1079 1748 1311 1785 Franc.——-9.
1332 1744 1452 1788 advers·

831 1912 868 1937 2.
882 1901 953 1948 sua
971 1911 1055 1934 nunc
1068 1895 1247 1946 promgfflz:
1275 1893 1320 1929 de
1347 1891 1451 1928 meli-

829 1963 890 1987 ore
920 1961 1101 1986 armorum
1133 1945 1301 1986 successu,
1334 1954 1368 1980 et
1403 1943 1450 1979 de

829 2015 949 2052 pugna
965 2014 1046 2037 cum
1062 1997 1138 2049 ipso
1150 1997 1264 2034 AEnea
1279 1993 1449 2032 ineunda.

830 2067 865 2090 v.
897 2052 972 2103 sup.
1007 2049 1083 2094 XI,
1112 2050 1188 2097 436
1219 2048 1294 2097 sqq.
1334 2045 1449 2096 posci,

830 2103 1025 2155 expectari,
1046 2112 1084 2138 ut
1102 2100 1147 2138 iis
1160 2098 1362 2137 satisfaciat.
1412 2110 1448 2145 3.

831 2158 939 2199 ultr03
968 2154 1076 2191 nullis
1107 2153 1225 2189 adhuc
1257 2148 1396 2200 probris
1414 2159 1450 2185 et

828 2206 1005 2244 conviciis
1024 2219 1043 2242 a
1062 2203 1232 2254 quopiam
1256 2201 1370 2238 fastis.
1424 2213 1449 2249 4

827 2274 916 2310 ——9.
937 2259 1062 2294 Sumta
1073 2254 1294 2305 comparatio
1307 2253 1350 2288 ab
1367 2250 1453 2288 Ho-

827 2324 926 2348 mero
944 2309 1051 2346 Iliad.
1072 2326 1099 2350 ε,
1125 2307 1193 2355 136
1214 2306 1287 2355 sqq.
1316 2321 1347 2346 v,
1379 2303 1452 2352 164

826 2361 917 2412 sqq„
950 2374 1030 2411 quae
1061 2359 1151 2395 inter
1171 2354 1451 2407 splendidissima

826 2412 982 2451 Homeri
1026 2412 1106 2448 loca
1142 2409 1237 2451 sunt,
1281 2404 1448 2443 transsata

829 2466 948 2516 paffim
968 2463 1004 2500 in
1035 2464 1134 2499 Scut.
1167 2460 1279 2496 Herc.
1310 2471 1343 2494 ν.
1372 2456 1448 2504 426

828 2517 922 2566 sqq„
952 2514 1011 2551 sed
1040 2513 1086 2550 ad
1113 2512 1221 2548 aliam
1243 2522 1357 2545 rerum
1378 2507 1452 2557 spe·

832 2568 925 2605 ciem
953 2566 1090 2602 deflexa
1108 2573 1142 2599 et
1161 2561 1327 2612 praeclare
1354 2557 1447 2596 vari-

833 2631 913 2656 ata:
960 2617 1015 2654 Ut
1050 2618 1105 2652 leo
1133 2615 1277 2650 vulnere
1304 2620 1452 2660 accepto

832 2671 948 2708 multo
967 2666 1080 2716 magis
1099 2665 1203 2708 furit,
1231 2663 1275 2700 fic
1305 2663 1453 2699 Turnus

832 2721 980 2759 adverso
1008 2732 1123 2756 rerum
1151 2715 1304 2753 successu
1337 2712 1453 2762 magis

833 2774 941 2812 etiam
984 2784 1093 2822 quam
1138 2778 1219 2806 ante
1257 2764 1451 2851 institam

1416 2827 1460 2853 OC
