1847 3313
344 283 438 344 446
557 280 611 328 P.
650 275 1030 325 VIRGILII
1078 273 1471 327 MARONIS

341 410 458 458 Inde
483 410 635 473 Mago
657 408 824 471 procul
850 408 1081 455 infensam
1106 409 1414 457 contenderat
1436 408 1616 456 hastam
1641 424 1653 456 ε

343 501 434 548 Ille
456 499 552 545 astu
578 498 702 544 subit
725 520 737 551 ;
772 509 819 544 at
842 499 1156 545 tremebunda
1174 497 1441 561 supervolat
1459 497 1586 544 hasta
1608 518 1623 550 ς

343 590 408 635 Et
430 604 583 651 genua
607 587 894 649 amplectens
920 587 1089 635 effatur
1112 589 1223 634 talia
1243 587 1445 650 supplex
1467 604 1480 633 z

344 678 432 725 Per
455 677 632 740 patrios
658 675 835 732 Manis,
859 682 946 738 per
969 675 1071 738 spes
1094 674 1327 740 surgentis
1353 676 1464 733 Iuli,

344 769 416 816 Te
441 783 625 830 precor,
649 766 769 812 hanc
794 766 1005 811 animam
1022 763 1171 810 serves
1189 775 1398 827 natoque
1421 763 1659 826 patrique.

344 860 429 908 Est
452 859 620 906 domus
636 857 731 902 alta
749 879 761 910 ς
787 853 949 919 jacent
966 854 1156 918 penitus
1176 853 1350 900 defoffa
1369 853 1544 900 talenta
1570 855 1661 916 526

350 953 519 1001 Caelati
540 949 752 1013 argenti3
790 947 893 993 sunt
916 946 1015 993 auri
1043 945 1255 1008 pondera
1279 945 1390 991 facti

391 1069 467 1100 521.
484 1059 588 1102 procul
599 1059 692 1100 Mago
709 1055 854 1087 Parrhas.
902 1056 984 1096 Lago
1001 1051 1152 1083 Scheffer.
1188 1052 1304 1094 Magno
1323 1050 1426 1084 Goth.
1442 1046 1492 1094 pr.
1539 1046 1667 1094 itffestan'ae

351 1112 496 1144 macrob.
523 1114 552 1141 V
571 1112 636 1140 Sat.
671 1118 689 1139 2
715 1115 747 1138 et
769 1108 866 1136 Rom.
896 1105 980 1136 Gud.
1009 1107 1133 1148 'Moren
1167 1103 1227 1147 sec.
1258 1103 1402 1146 Pseu-rhais.
1447 1104 1598 1147 immensam
1614 1112 1664 1144 pr.

350 1159 473 1194 Hamb.
492 1172 551 1203 pro
566 1171 634 1191 var.
652 1159 726 1190 leet.
771 1155 872 1188 Porro
896 1157 1074 1187 contenderat
1089 1154 1202 1186 Heins.
1228 1153 1314 1184 reete
1331 1154 1432 1185 tuitus
1447 1154 1492 1185 est
1525 1153 1578 1194 (cf.
1595 1153 1665 1195 sup'.

351 1214 391 1244 ad
408 1214 462 1244 lib.
489 1215 533 1251 V,
560 1212 637 1252 520]
672 1217 701 1240 et
730 1208 892 1239 sententiae
909 1214 940 1238 et
965 1206 1226 1249 praestantiorum
1251 1206 1460 1244 auetoritate,
1486 1205 1572 1236 inter
1587 1216 1668 1246 quos

353 1267 497 1308 Oblong.
524 1273 555 1296 et
579 1263 631 1294 alii
650 1260 732 1294 Pier.
762 1261 877 1292 Medic.
907 1271 925 1290 a
955 1270 999 1291 m.
1030 1260 1106 1297 sec.,
1135 1269 1210 1289 nam
1237 1258 1376 1300 aprima
1392 1266 1460 1290 erat
1476 1259 1668 1291 contenderet.-

352 1319 437 1349 undc
454 1315 596 1358 vulgatis
611 1314 706 1345 letstio
724 1321 814 1344 orta:
840 1325 901 1344 cum
917 1313 1051 1342 tenderet.
1097 1309 1234 1341 Mentel.
1263 1321 1281 1340 a
1296 1321 1341 1342 m.
1375 1321 1422 1352 pr.
1447 1322 1508 1341 cum
1525 1309 1665 1342 tenderai.

353 1373 398 1401 At
416 1370 448 1400 in
471 1371 566 1399 Rom.
592 1366 765 1406 consenserat.
858 1372 933 1403 522.
957 1363 1037 1405 hastu
1069 1361 1172 1394 Goth.
1205 1371 1255 1402 pr.
1299 1362 1409 1404 hastam
1435 1361 1516 1392 alter
1541 1362 1668 1393 Hamb.

352 1426 410 1454 iflu
436 1419 565 1451 Zulich.
612 1422 678 1449 aHu
704 1414 877 1446 Goth.sec.
922 1415 982 1456 astu
998 1414 1100 1444 evadit
1122 1413 1183 1444 sec,
1203 1413 1375 1451 Rottend.,
1396 1413 1483 1454 quod
1497 1423 1556 1454 pro
1567 1412 1667 1444 inter·
1712 1417 1716 1419 “

353 1472 534 1518 pretatione
552 1469 611 1501 effe
628 1468 743 1511 potest.
789 1478 822 1498 ac
834 1476 874 1498 tr.
899 1465 1012 1507 vulgg.
1030 1464 1104 1496 edd.
1123 1471 1154 1495 et
1167 1463 1259 1495 codd.
1280 1474 1363 1506 pars.
1409 1477 1442 1495 en
1457 1473 1496 1497 tr.
1515 1475 1532 1495 a
1548 1475 1597 1506 pr.
1617 1474 1666 1495 m.

356 1523 494 1561 Medic„
513 1530 544 1552 at
558 1521 596 1551 ab
614 1520 713 1550 altera
729 1528 825 1548 manu
843 1526 874 1548 at
887 1529 898 1548 :
936 1516 976 1548 fic
991 1524 1023 1547 et
1041 1515 1127 1547 Gud.
1147 1514 1274 1556 aliique,
1303 1514 1388 1546 unde
1405 1514 1514 1546 Heins.
1531 1515 1667 1557 recepit«

357 1575 535 1610 tremibunda
557 1580 634 1604 vett.
654 1571 758 1609 codd„
781 1577 817 1600 ut
833 1569 957 1600 Medic.
976 1570 1072 1600 Rom.
1161 1576 1240 1608 523.
1266 1569 1315 1599 En
1330 1580 1363 1609 g.
1388 1579 1419 1600 a.
1446 1567 1570 1599 Medic.
1616 1569 1670 1610 af-

345 1631 442 1674 fatur
461 1625 541 1657 alter
568 1622 685 1655 Hamb.
718 1630 750 1653 et
779 1620 907 1652 Zulich.
992 1629 1069 1660 524.
1103 1629 1130 1650 et
1150 1619 1216 1663 spes
1249 1618 1364 1661 vulgg.
1400 1617 1533 1662 perspes
1557 1617 1666 1648 Heius.

354 1677 551 1713 emendavit,
572 1683 738 1715 tamquam
750 1672 905 1703 efficacius
929 1672 977 1713 (et
993 1683 1031 1702 ex
1046 1681 1158 1702 more:
1184 1670 1224 1702 cf.
1243 1670 1309 1712 sup.
1339 1669 1379 1700 ad
1396 1670 1452 1707 Ill,
1482 1678 1559 1710 599.
1589 1669 1667 1711 600)

358 1731 495 1766 dietum,
518 1739 555 1758 ex
574 1726 666 1756 Leid.
686 1727 804 1756 Moret.
825 1723 883 1754 sec.
916 1722 1062 1754 Macrob.
1089 1730 1120 1753 et
1137 1724 1266 1753 Donato
1282 1721 1323 1752 ad
1346 1721 1496 1757 Terent„
1523 1728 1559 1751 ut
1576 1720 1670 1763 supra

357 1790 485 1824 quoque
497 1780 553 1815 Vh
569 1776 631 1816 364
645 1775 795 1806 vidimus.
834 1783 888 1817 per
901 1774 979 1817 spem
1004 1773 1102 1804 Goth.
1120 1780 1195 1804 tert.
1239 1781 1266 1802 ct
1284 1772 1349 1816 spes
1367 1771 1490 1802 haeredis
1508 1772 1566 1802 Iuli
1583 1772 1667 1805 Gud.

359 1844 397 1864 ex
420 1830 475 1862 lib.
502 1830 561 1866 IV,
592 1834 833 1867 274.---—-525.
855 1834 997 1868 gnatoque
1018 1824 1084 1855 fere
1101 1834 1212 1854 onmes
1235 1822 1348 1853 Heius.
1385 1830 1526 1864 paterque
1555 1824 1668 1854 Franc.

445 1880 520 1921 526.
537 1879 634 1922 jacens
651 1879 914 1915 Rom.-——-527.
940 1876 1043 1907 caelata
1067 1874 1168 1906 Goth.
1188 1874 1249 1906 sec.

356 1960 550 2004 eupli—voque
587 1951 629 1986 h.
661 1961 694 1985 e.
737 1946 980 1998 captivorum,

359 2007 540 2055 eleganter
556 2015 639 2052 pro,
673 2009 708 2037 et
726 2011 880 2049 quorum
901 1998 979 2034 san-

359 2057 471 2108 guine
490 2067 560 2092 etc.
610 2053 653 2089 In
673 2051 882 2087 ulciscendo
902 2049 980 2086 Pal-

361 2111 456 2146 lante
473 2118 508 2142 et
529 2119 611 2143 mox
640 2105 678 2140 in
707 2116 752 2139 eo
776 2101 981 2150 sepeliendo

363 2159 564 2201 Achillem,
584 2156 646 2206 qui
668 2153 826 2191 Patrocli
843 2153 978 2189 caedem

364 2210 551 2249 ulciscitur
577 2209 681 2257 eique
700 2204 848 2242 inferias
875 2204 982 2246 facit,

361 2260 509 2301 Maroni
520 2269 602 2297 ante
613 2272 656 2295 oc
663 2259 739 2294 ulos
754 2256 867 2299 fuiffe,
877 2269 984 2293 nemo

362 2327 437 2352 non
455 2310 725 2353 animadvertit,
743 2308 807 2357 qui
829 2306 982 2344 Homeri

362 2364 515 2403 leffione
551 2362 732 2399 imbutum
766 2359 872 2395 habet
907 2358 984 2395 ani-

363 2431 478 2455 mum.
544 2413 607 2450 Ad
641 2413 737 2449 idem
781 2411 984 2460 exemplum

364 2466 522 2506 Achillis
547 2478 642 2502 nunc
661 2464 809 2500 octonos
838 2463 986 2511 juvenes

363 2519 511 2558 inferias
533 2515 684 2553 Pallanti
702 2513 852 2551 destinat
866 2523 901 2549 et
916 2512 983 2550 inf.

364 2572 431 2609 lib.
452 2569 528 2611 XI,
566 2571 629 2605 81.
663 2571 708 2605 82
737 2565 902 2602 immolat
919 2563 983 2600 AE-

365 2636 460 2660 neas,
507 2620 684 2657 Nondum
697 2617 809 2668 igitur
822 2628 863 2652 ea
881 2624 983 2653 aetate

366 2673 596 2712 metuendum
632 2670 704 2707 fuit
741 2666 904 2710 Maroni,
939 2680 982 2703 ne

365 2725 571 2774 displiceret
586 2722 741 2758 immane
755 2719 891 2755 facinus
910 2718 982 2754 lec-

366 2776 525 2813 toribus:
555 2787 635 2818 nec,
670 2785 752 2809 cum
772 2770 900 2807 AEneas
927 2769 982 2806 ira

367 2829 413 2864 ad
440 2828 595 2864 furorem
621 2825 717 2861 aelus
736 2823 874 2859 summa
900 2834 984 2858 cum

367 2877 580 2918 crudelitate
606 2875 800 2927 supplicem
831 2886 873 2911 ac
904 2885 985 2924 pre·

1046 1944 1140 1982 tium
1184 1944 1390 1980 offerentem
1433 1942 1588 1993 Magum
1633 1958 1669 1982 v.

1049 2009 1095 2047 52
1103 2010 1121 2044 3
1143 1993 1240 2044 seqq.
1268 1994 1475 2039 obtruncat,
1503 2005 1539 2031 et
1575 1995 1670 2033 Tar-

1048 2047 1143 2096 quiti
1161 2046 1329 2083 cadaveri
1347 2045 1497 2083 insultat
1523 2059 1559 2082 v.
1596 2052 1669 2099 555·-

1049 2099 1146 2149 sqq„
1165 2097 1280 2134 videri
1300 2097 1362 2134 ille
1376 2111 1417 2134 ea
1430 2107 1530 2134 aetate
1542 2097 1670 2135 debuit

1047 2148 1294 2187 inhumaniter
1322 2160 1357 2186 et
1388 2149 1500 2198 impie
1531 2149 1667 2199 egiffe;

1049 2202 1111 2240 etsi
1129 2201 1197 2238 hoc
1210 2201 1254 2237 ad
1277 2201 1431 2238 nostrum
1447 2199 1584 2237 sensum
1603 2201 1670 2238 ali·-

1050 2263 1103 2290 ter
1136 2253 1171 2289 se
1198 2252 1318 2289 habet.
1384 2251 1486 2288 Mihi
1520 2251 1670 2301 quidem

1051 2304 1220 2353 displicet
1272 2302 1458 2340 manifesta
1510 2303 1668 2341 nimium

1051 2355 1256 2392 imitatione
1275 2354 1431 2391 Homeri
1444 2354 1551 2393 Iliad.
1564 2365 1603 2404 φ,
1622 2356 1670 2394 26

1052 2407 1130 2457 sqq·
1161 2408 1210 2452 ψ,
1244 2418 1313 2457 175
1337 2406 1413 2456 sqq·

1104 2472 1170 2510 52¹
1196 2458 1276 2508 sqq.
1296 2458 1430 2494 Iterum
1451 2466 1588 2508 aperta,
1608 2457 1668 2495 sed

1050 2519 1192 2553 ornata,
1212 2509 1371 2546 imitatio
1384 2508 1457 2546 loci
1477 2509 1670 2547 Homerici

1049 2562 1156 2598 Iliad.
1193 2573 1231 2610 φ,
1270 2561 1314 2611 67
1347 2560 1422 2609 sqq.
1476 2561 1600 2611 Mago,
1631 2561 1670 2598 in

1048 2613 1220 2663 Magum,
1236 2622 1275 2648 ut
1290 2611 1409 2649 toties,
1451 2611 1562 2660 subit,
1594 2615 1671 2650 ὑπέ-

1048 2664 1167 2714 Sexus.
1207 2662 1424 2713 stepervolczt,
1457 2664 1670 2712 z‘ms'gvtrocrm

1047 2718 1095 2754 Et
1107 2732 1221 2768 genua
1237 2715 1432 2764 amplca‘lens
1443 2726 1456 2750 .·
1475 2716 1571 2765 apud
1588 2716 1672 2753 Ho-

1051 2780 1190 2805 merum
1216 2768 1295 2817 plus
1324 2765 1586 2803 miserationis:
1619 2767 1669 2803 al-

1051 2828 1126 2856 tera
1146 2821 1221 2856 ἑλὼν
1235 2819 1412 2855 ἐλλίσσετο
1426 2819 1540 2863 yslym,
1560 2819 1672 2854 altera

1050 2870 1181 2909 hastam
1199 2869 1359 2908 Achillis
1386 2869 1526 2907 retinet.
1555 2872 1671 2956 D526.

1596 2929 1673 2958 uxit

1828 379 1847 625 2⁴-*«*:„-.=2··121‘-.—*
1828 242 1847 387 'auu-'⁵43
1826 203 1838 211 ;
1833 178 1836 186 ⁴
1828 138 1835 152 ⁷*
1830 103 1835 118 '⁴
