1847 3313
389 313 483 376 276
625 311 917 361 EXCURS.
957 311 1028 359 lV
1062 311 1159 360 AD
1194 311 1321 360 LIB.
1358 311 1504 360 VIII.

386 458 564 498 urgentem
582 446 714 485 volitat
729 460 739 484 ι
767 446 832 497 ipfi
847 445 952 484 Galli
970 460 1078 483 aurea
1096 445 1255 490 caesarie,
1282 449 1399 484 aureis
1417 444 1573 497 virgatis
1602 443 1711 484 vesti·.

390 508 457 545 bus
476 518 512 545 ct
528 507 717 559 torquibus
734 511 862 544 aureis.
916 506 1006 544 Non
1034 506 1151 558 igitur
1175 507 1310 556 ectypo
1336 505 1449 544 modo
1480 518 1594 555 opere
1626 505 1707 542 haec

387 568 567 618 expressa,
614 580 743 605 verum
769 567 816 604 ad
845 566 1002 617 priscum
1031 577 1069 604 et
1091 566 1284 604 Homerici
1311 566 1383 604 aevi
1413 578 1555 604 morem
1591 565 1707 604 etiam.

388 628 574 666 coloribus
587 626 745 670 variata,
774 639 864 664 auro
882 626 1008 663 saItem
1037 635 1075 663 ct
1095 634 1267 677 argento,
1295 625 1331 663 in
1355 638 1449 663 aerea
1477 625 1588 676 clipei
1607 638 1710 671 area,

390 688 509 725 Porro
520 701 558 724 v.
578 686 625 737 67
637 699 650 724 1
674 699 775 724 mare
791 701 877 724 auro
893 686 1047 723 effifimm
1062 698 1071 722 :
1086 687 1159 734 sed
1161 687 1278 734 stufflu
1281 684 1489 735 spumabant
1507 684 1636 723 caerula
1654 700 1710 723 ca-

386 760 443 785 ·710.
495 748 542 785 In
553 747 683 784 caerula
700 760 775 785 non
795 755 948 798 etymon
967 745 1069 784 vocis
1085 745 1328 796 cogitandum
1347 744 1519 782 videtur:
1547 739 1605 781 sed
1625 745 1710 782 fim-

386 807 539 860 pliciter
558 822 683 847 mare:
713 808 824 860 idque
845 817 1039 860 argenteos
1059 807 1186 845 fluaus
1204 806 1340 844 habere
1358 804 1510 843 debuit:
1537 803 1711 844 innatant

389 879 516 908 tamen
535 870 740 920 delphines,
771 869 887 908 iidem
920 881 1067 919 quoquc
1094 866 1290 919 argentei:
1338 866 1388 903 Et
1414 869 1537 903 circum
1569 876 1712 918 argento

386 930 481 974 dari
495 930 665 981 delphines
681 935 718 968 in
733 930 844 968 orbem
862 930 1025 979 *Equam
1056 926 1247 966 verrebant
1270 928 1387 964 caudis
1414 927 1592 976 aestumque
1609 928 1712 974 seca-

389 992 490 1030 bant.
544 990 641 1030 Mox
661 991 817 1028 Mavors
832 988 970 1026 caelatus
976 992 1082 1040 ferro
1096 1001 1133 1024 ν.
1155 998 1230 1038 700
1242 986 1279 1023 h.
1300 998 1335 1023 e.
1355 984 1455 1022 ferro
1472 983 1534 1021 vel
1548 983 1710 1034 chalybe

391 1050 614 1102 exsculptus.
671 1049 755 1088 Alia
772 1050 878 1102 super
896 1048 968 1088 hoc
998 1047 1121 1100 clipeo
1148 1047 1187 1086 in
1207 1044 1302 1085 notis
1320 1044 1446 1097 paffim
1476 1042 1555 1082 sunt
1585 1043 1710 1084 obse-cz

391 1119 496 1152 'vata-
1207 1138 1209 1140 -
