1847 3313
332 324 368 371 4
742 298 1257 351 PRAEFATm

337 438 577 490 madversa
612 437 762 493 affert,
798 448 842 482 et
868 434 1041 499 judicii
1066 447 1266 479 acumen
1305 441 1351 477 et
1376 445 1489 475 vero
1512 427 1658 475 etiam

338 522 586 587 ingenium
611 519 799 583 po‘e'tica
824 517 1052 580 elegantia
1067 515 1293 578 politum.
1367 511 1657 575 Conjunetas

338 619 496 655 autem
533 616 579 650 et
614 602 766 650 doetae
801 597 1199 661 interpretationis
1239 608 1286 642 et
1325 594 1493 641 criseos
1517 609 1663 641 accu-

339 700 455 736 ratae
490 703 543 734 ac
582 682 825 748 diligentis
862 693 1033 744 partes,
1073 692 1124 726 ut
1166 678 1273 725 esset
1308 678 1585 740 exemplum
1609 677 1660 723 in

340 769 544 817 Marone
569 765 883 830 propositum,
917 778 1013 825 quo
1036 772 1296 829 uterentur,
1321 759 1403 822 qui
1428 759 1508 805 has
1532 758 1664 804 litte-

342 868 416 902 ras
461 852 625 916 paullo
667 848 897 897 eruditius
944 847 1139 894 tractare
1183 845 1372 899 veilent,
1428 843 1663 905 nusquam

343 935 586 983 videbam.

411 1018 537 1082 Qae
555 1031 666 1062 cum
681 1014 841 1060 animo
859 1006 1116 1066 volverem,
1140 1010 1300 1056 statim
1318 1010 1378 1056 ab
1395 1009 1534 1056 initio
1557 1008 1669 1055 fun-

345 1100 466 1148 dum
483 1098 582 1164 jeci
607 1094 1007 1158 interpretationis
1033 1108 1153 1140 meae
1177 1094 1331 1139 multo
1364 1092 1676 1156 ampliorem,

346 1197 495 1247 quam
532 1195 617 1244 pro
650 1195 719 1234 eo,
756 1178 804 1224 in
843 1176 971 1239 quod
1004 1187 1297 1221 conventum
1332 1186 1445 1221 erat.
1516 1175 1671 1237 quue

347 1265 509 1328 potius
531 1261 730 1325 respexi,
755 1259 869 1323 quid
894 1275 971 1305 me
993 1258 1196 1314 deceret,
1231 1273 1377 1320 quam
1401 1255 1518 1319 quid
1542 1273 1569 1303 a
1591 1270 1671 1301 me

348 1346 678 1411 postularetur.
746 1342 851 1389 Nec
875 1357 952 1388 me
974 1341 1207 1404 poenituit
1242 1354 1417 1403 operae.
1486 1341 1674 1404 Exper-

348 1443 429 1482 tus
480 1428 611 1476 enim
645 1425 748 1473 sum
812 1425 1025 1471 favorem
1083 1422 1318 1469 eximium
1356 1438 1411 1468 ac
1464 1422 1674 1470 studium
1738 1419 1741 1422 ’

351 1514 565 1561 *virorum
590 1509 844 1556 doCtorum
874 1505 1122 1568 singulare,
1161 1503 1306 1550 etiam
1330 1502 1379 1548 in
1401 1502 1679 1550 condomam

353 1598 427 1646 dis
452 1593 699 1648 erroribuS‚
737 1606 871 1654 qum,
915 1588 1138 1652 inprimis
1166 1587 1213 1634 in
1237 1586 1394 1650 priore
1419 1586 1680 1633 Volumine

355 1695 469 1728 cum
505 1673 741 1723 festinatio
778 1685 882 1719 tum
922 1669 1230 1717 imbecillitas
1267 1669 1474 1715 humana
1505 1667 1679 1715 effudit

355 1762 544 1826 plures:
581 1773 787 1821 quorum
822 1756 1093 1804 indiculum
1129 1752 1430 1817 subjicerem,
1464 1752 1551 1799 nifi
1577 1753 1681 1817 spes

355 1842 483 1899 esset,
520 1840 621 1887 fore
660 1851 711 1885 ut
736 1836 898 1902 paullo
921 1836 1026 1899 post
1050 1835 1140 1881 hoc
1165 1833 1322 1897 ipsum
1346 1833 1572 1880 volumen
1606 1850 1680 1880 re-

358 1925 576 1972 cudatur.
643 1923 965 1985 Apponentur
988 1931 1150 1965 tamen
1172 1934 1199 1963 a
1222 1933 1301 1964 me
1322 1917 1380 1964 ad
1404 1918 1561 1980 quarti
1591 1935 1697 1965 νοω,

356 2006 559 2054 'luminis
592 2006 773 2053 calcem
802 2002 1029 2050 nonnulla
1059 2001 1277 2048 addenda
1316 2012 1364 2047 et
1389 2001 1684 2065 corrigenda„

362 2109 474 2157 quae
498 2089 785 2137 videbuntur
807 2086 895 2133 effe
920 2085 1105 2150 potiora
1127 2085 1166 2128 *.

432 2173 558 2238 Qae
581 2173 632 2219 in
655 2171 1042 2235 interpretatione
1066 2185 1170 2215 mea
1191 2166 1481 2231 potiffimum
1505 2169 1687 2232 specia-

362 2257 476 2314 tim,
501 2255 623 2312 satis,
646 2266 782 2317 puto,
803 2252 1070 2316 expositum
1094 2268 1120 2298 a
1144 2267 1220 2296 me
1235 2251 1299 2298 est
1323 2251 1370 2299 in
1389 2252 1688 2314 praefationi-

365 2341 455 2387 bus
494 2338 791 2401 superiorum
826 2335 1146 2382 voluminum.
1219 2333 1389 2397 Neque
1409 2334 1527 2381 adeo
1550 2350 1690 2397 repe-

369 2435 467 2470 tere
490 2420 666 2469 neceffe
681 2419 760 2476 est,
784 2434 862 2465 me
884 2430 928 2464 et
947 2417 1215 2463 doclrinam
1243 2415 1431 2479 Virgilii
1450 2427 1496 2463 et
1512 2416 1689 2463 oratio-

371 2507 443 2553 nis
466 2504 668 2568 po'eticae
692 2502 905 2548 indolem
929 2516 982 2547 ac
1001 2500 1174 2547 cauffas
1200 2500 1419 2562 inprimis
1441 2499 1691 2546 enucleare

373 2586 583 2634 voluiffe.
652 2583 797 2648 Qod
821 2583 854 2628 fi
869 2582 1205 2646 reprehensum
1222 2583 1269 2628 in
1290 2597 1434 2645 opera
1456 2597 1562 2630 mea
1585 2579 1694 2639 fuit,

375 2685 453 2717 me
474 2669 521 2715 in
545 2666 786 2714 nonnullis
808 2666 928 2713 locis
949 2665 1108 2713 tenuia
1131 2664 1220 2711 effe
1243 2663 1506 2728 sequutum,
1540 2665 1695 2728 potest

431 2806 453 2826 *¹²
475 2801 528 2838 Ea
546 2800 584 2837 in
602 2800 694 2837 hane
712 2799 909 2838 editionem
927 2812 1059 2840 novam
1076 2798 1146 2838 suis
1173 2811 1325 2852 quaeque
1340 2797 1432 2838 locis
1449 2797 1600 2852 reposita
1615 2797 1701 2841 effe.

378 2862 520 2902 monitu
539 2860 601 2898 vix
618 2872 706 2911 opus
722 2860 784 2900 est.

1607 2910 1699 2959 hoc
