1847 3313
367 265 781 323 AENEIDOS,
839 262 993 310 LIB.
1037 261 1101 309 x.
1308 260 1395 320 461

85 403 246 452 Obvia
263 402 413 450 multa
436 401 592 449 virum
614 398 827 448 demittit
851 413 1052 461 corpora
1075 395 1237 443 morti.

84 497 218 544 Tum
236 495 351 542 levis
369 494 496 541 haud
514 494 638 540 ultra
661 491 858 538 latebras
875 488 981 553 jam
1004 488 1180 550 quaerit
1204 486 1382 548 imagO,

84 586 175 633 Sed
200 585 401 632 sublime
419 585 581 631 volans
597 581 714 629 nubi
731 580 777 627 se
798 579 1042 647 inmiscuit
1064 590 1207 626 atrae:

87 677 216 725 Cum
240 677 460 725 Turnum
484 674 645 722 medio
667 673 844 720 interea
867 670 956 719 fert
978 687 1168 733 aequore
1189 669 1347 717 turbo.

86 764 297 828 Respicit
321 765 507 827 ignarus
531 777 707 817 rerum,
742 760 1045 823 ingratusque
1068 759 1243 815 salutis,

82 855 148 902 Et
170 855 374 918 duplicis
400 871 513 902 cum
536 869 653 900 voce
676 868 840 899 manus
863 851 922 898 ad
947 851 1094 897 fidera
1113 848 1269 896 tendit
1291 866 1304 894 ε

87 943 411 1006 Omnipotens
430 943 635 1006 genitor,
670 948 850 988 tanton’
876 957 954 988 me
980 939 1179 986 crimine
1201 938 1404 1001 dignum

86 1035 293 1092 Duxisti,
331 1046 377 1081 et
401 1034 504 1080 talis
528 1033 715 1079 voluisti
733 1033 999 1095 expendere
1024 1029 1226 1094 poenas?

88 1128 201 1194 Qo
237 1128 388 1175 feror?
443 1127 568 1174 unde
590 1125 712 1173 abii?
767 1140 877 1189 quae
914 1142 993 1172 me
1032 1125 1161 1187 fuga,
1196 1139 1401 1186 quemve

286 1216 504 1265 reducet?
1305 1214 1405 1274 670

92 1307 397 1358 Laurentisne
412 1305 584 1368 iterum
607 1319 765 1349 muros
787 1315 864 1350 aut
890 1302 1034 1350 castra
1057 1301 1261 1348 videbo?

90 1447 177 1480 gata.
224 1440 347 1471 Verum
366 1439 387 1470 fi
421 1449 459 1469 ex
472 1437 578 1468 animo
595 1436 765 1468 dicendum
782 1436 837 1474 est,
858 1438 943 1479 quod
959 1437 1071 1476 sentio,
1099 1447 1270 1480 utrumque
1282 1436 1408 1469 versum

91 1487 166 1520 661.
185 1489 248 1523 662
260 1498 314 1521 aut
329 1490 469 1521 alienum
486 1487 545 1518 effe
561 1487 709 1524 arbitror,
721 1494 775 1518 aut
786 1498 805 1518 a
822 1488 961 1518 Marone
977 1489 1019 1520 ad
1035 1491 1214 1532 marginem
1229 1489 1406 1532 appiffimm,

91 1541 229 1572 necdum
254 1540 378 1582 reliquo
391 1539 526 1571 carmini
539 1538 823 1570 accommodatum.
870 1540 1000 1581 absentem
1016 1543 1128 1572 AEneas
1145 1542 1298 1572 Rottend„
1317 1543 1409 1579 alter,

90 1600 124 1623 et
150 1594 226 1624 Exc.
244 1594 353 1624 Burm.
445 1591 519 1624 662.
540 1594 604 1621 viro
621 1590 767 1622 Parrhas.
788 1602 825 1622 ex
840 1594 943 1625 virm.
991 1595 1105 1624 dimittit
1132 1594 1236 1625 multi.
1329 1593 1404 1631 663.

96 1643 174 1675 ‘Tunc
186 1651 258 1674 ante
275 1643 358 1674 Pier.
447 1641 569 1683 664.se
599 1642 706 1685 mg’scuit
728 1642 827 1673 Goth.
856 1643 911 1673 alt.
957 1650 1017 1674 arte
1035 1645 1310 1683 Franc.--—-665,
1334 1645 1410 1675 Tum

91 1695 156 1725 duo
174 1697 284 1726 Burm.
336 1694 413 1724 Tunc
430 1693 530 1725 Goth.
549 1699 621 1724 tert.
674 1693 711 1724 T.
731 1696 833 1723 interea
849 1706 963 1735 magnus
978 1697 1046 1736 firt
1065 1697 1148 1727 Vcn.
1194 1698 1296 1726 interea
1326 1698 1409 1727 medio

95 1747 192 1777 Rom.
209 1753 240 1777 et
254 1745 354 1776 Goth.
374 1745 464 1776 alter.
509 1747 537 1774 in
563 1746 644 1774 medio
676 1744 841 1778 Montalb.
935 1744 1009 1777 666.
1023 1748 1116 1787 filati
1137 1757 1187 1788 pr.
1211 1747 1330 1778 Hamb.
1347 1758 1408 1789 pro

92 1806 160 1827 var.
188 1796 260 1827 168.
307 1797 466 1840 ignarusque
486 1797 598 1836 salmis
624 1795 726 1828 Goth.
756 1795 981 1835 sec.——667.
1004 1799 1044 1826 ad
1057 1798 1153 1840 stalera
1168 1800 1239 1829 tollit
1266 1797 1409 1840 plerique

94 1848 178 1878 Pier.
195 1858 267 1889 pars
290 1846 398 1877 Heins.
417 1854 448 1877 et
465 1847 580 1879 Burni.
617 1857 690 1876 cum
717 1846 818 1878 Goth.
834 1854 908 1878 tert.
932 1855 963 1878 et
992 1848 1221 1880 Erf.——668.
1246 1856 1351 1879 tantum
1367 1861 1409 1878 me

97 1899 226 1929 Zulich.
264 1899 369 1940 Sprot.
400 1898 458 1928 Ed.
491 1908 541 1939 pr.
602 1904 677 1927 tanto
707 1896 741 1927 in
766 1898 867 1928 Rom.
900 1904 933 1928 et
961 1898 1117 1940 plerisque
1148 1901 1245 1938 Pier.‚
1277 1900 1310 1930 in
1341 1899 1409 1931 aliis

94 1952 119 1980 η’
144 1951 277 1982 erasum.
322 1950 450 1980 Tuctur
475 1957 583 1980 tamen
608 1949 724 1987 tanton',
746 1960 816 1991 quae
839 1950 977 1981 Medicei
1007 1958 1040 1982 et
1066 1951 1203 1983 aliorum
1229 1952 1323 1982 ἰεέὶὶο
1355 1952 1411 1989 est,

96 2001 282 2032 Priscianus.
321 2000 362 2032 cf.
389 2000 459 2041 sup.
486 2002 531 2038 V,
566 2009 642 2042 319.
686 2001 845 2042 Equidem
875 2002 1019 2033 nondum
1043 2003 1136 2033 credo
1165 2017 1197 2034 ne
1225 2004 1270 2035 ita
1296 2003 1408 2034 elisum

96 2051 185 2083 fuisse
214 2064 232 2083 a
259 2055 381 2094 poeta:
430 2051 484 2082 sed
504 2051 526 2082 fi
555 2065 573 2081 n
603 2052 642 2081 ab
673 2063 710 2082 eo
734 2051 928 2094 prestetum,
959 2053 1019 2084 effe
1047 2054 1141 2085 debet
1171 2067 1208 2086 ex
1237 2069 1274 2085 cen
1311 2056 1407 2087 eliso:

94 2111 170 2134 tanto
199 2106 238 2141 ²71,
273 2104 382 2144 Pyrrhi
405 2102 610 2144 ’51.——669.
637 2105 744 2146 Dixisti
774 2103 874 2134 Goth.
892 2111 966 2135 tert.
1011 2107 1160 2147 impendere
1185 2108 1268 2139 Ven.
1304 2115 1410 2149 expan-

90 2157 150 2185 d:re
178 2166 226 2196 pr.
258 2155 380 2186 Moret.
476 2153 549 2193 670·
573 2166 649 2194 quem
674 2167 715 2184 me
729 2156 808 2196 fuga
832 2167 930 2195 quaeve
955 2157 1081 2186 raucit?
1120 2157 1248 2190 Zulich.
1295 2171 1345 2200 quo
1369 2171 1410 2189 me

87 2208 166 2247 fuga
175 2218 259 2246 quove
273 2207 375 2235 reducet
391 2204 471 2234 alius
484 2214 534 2245 ap.
553 2206 665 2235 Burm.
711 2217 809 2245 quaeve
823 2207 927 2236 reducet
942 2205 1062 2247 aliquot
1079 2207 1165 2240 Pier.
1212 2221 1296 2249 quove
1311 2211 1413 2239 redwit

98 2258 234 2294 Medic„
255 2256 351 2286 sedin
364 2266 468 2296 marg.
484 2267 603 2296 quemve.
652 2255 804 2285 Praeclare
817 2257 943 2287 Servius
958 2268 966 2288 :
989 2270 1076 2297 quem,
1099 2258 1243 2298 qualem:
1269 2261 1328 2298 IX,
1344 2262 1405 2297 481

101 2310 186 2338 Ηιιηε
197 2319 241 2348 ego
253 2314 288 2344 te,
310 2308 445 2348 Euryale,
469 2307 603 2347 acffpici03
637 2306 797 2346 quomodo
813 2317 845 2336 et
861 2317 921 2347 qna
939 2318 1012 2337 cum
1029 2308 1258 2341 existimatione
1275 2312 1384 2342 redibo
1398 2317 1409 2347 ἒ

95 2360 244 2391 Tandem
261 2360 361 2388 reducit
377 2359 471 2388 Rom.
509 2356 594 2388 Gud.
619 2363 651 2388 et
666 2366 783 2398 magna
802 2365 991 2388 caeterorum
1024 2359 1105 2390 Pier.
1136 2368 1169 2390 et
1195 2361 1303 2392 Heius.
1327 2374 1410 2403 pars,

1309 2414 1406 2444 etiam

151 2521 240 2559 666.
268 2525 421 2572 ingratus
438 2519 565 2568 salutis
591 2517 721 2568 exqui-
787 2536 880 2558 nam.
935 2520 1034 2557 Tota
1061 2521 1179 2557 oratio
1195 2522 1407 2571 gravissima,

101 2574 163 2611 fite
180 2573 225 2610 ad
245 2572 416 2608 Graecum
449 2584 587 2608 morem
619 2573 721 2620 ἀχεί-
788 2581 823 2609 et
841 2572 983 2608 affefius
1007 2572 1122 2621 plena.
1176 2572 1256 2609 Nec
1293 2574 1408 2611 habco

101 2643 185 2675 ςιςος
203 2625 367 2673 σωτηςίας
386 2621 433 2659 sc.
465 2626 578 2660 ἕνεκαε
622 2622 721 2671 quod
789 2623 948 2672 quicum
959 2636 1162 2671 comparem
1174 2634 1407 2674 praeterquam

102 2678 147 2713 ad
182 2676 345 2718 salutem,
388 2673 500 2710 vitam
533 2673 721 2716 servatam,
790 2673 1002 2710 Horatianae
1047 2675 1198 2723 Europae
1253 2678 1410 2724 querelas

102 2728 243 2764 attinet.
297 2726 356 2762 Sic
388 2726 508 2774 paullo
525 2736 619 2769 ante,
646 2730 724 2762 veri
789 2734 927 2761 tamum
947 2724 1181 2761 miserationis
1209 2725 1402 2765 facientes:

103 2794 215 2815 vana.
270 2777 358 2814 668.
391 2775 462 2812 Vir
497 2776 599 2813 fortis
627 2776 724 2826 fugae
793 2776 921 2813 Unde?
971 2792 1029 2827 quo
1058 2780 1175 2813 veni?
1225 2777 1311 2814 levis
1340 2794 1408 2816 una

105 2829 281 2880 flagitium
302 2827 453 2878 appellat
471 2834 589 2866 crimen
602 2837 725 2887 εἰμι’-
791 2843 874 2865 mors
908 2830 950 2876 est
983 2827 1106 2864 Carrn.
1142 2826 1215 2871 ΙΙΙ,
1254 2843 1317 2879 27,
1349 2831 1408 2877 36.

1321 2881 1365 2931 67
1377 2895 1410 2929 3.
