1847 3313
411 288 502 338 126
716 278 1227 334 EXCURSUS
1276 276 1409 330 Ῐ.ΙῙ

411 421 600 459 Oceanum
627 418 887 457 occidentalem
915 417 1043 466 rejecta
1076 415 1206 454 fuerat.
1261 411 1453 451 Convertit
1480 411 1654 458 fabulam,
1681 410 1723 449 uf

411 490 467 519 tot
484 482 586 525 alias,
608 479 790 516 Homerus
808 478 845 514 in
861 476 1099 514 narrationem
1120 476 1185 520 rei,
1206 489 1286 526 quae
1303 486 1384 511 vere
1399 473 1450 509 ita
1468 472 1604 517 evenit,
1621 481 1657 509 et
1673 473 1723 510 ad

412 540 544 591 Ulyffis
562 539 676 576 socios
694 537 883 574 transtulit.
938 537 994 573 Ita
1013 547 1112 573 vetus
1128 535 1256 586 mythus
1276 534 1424 584 historica
1443 538 1596 569 narratio
1629 530 1723 569 fact-a'

411 602 472 638 est.
528 599 708 650 Lepidum
728 598 775 634 cst
793 605 1056 640 commentum,
1087 603 1334 632 commentum
1363 602 1498 633 tamen,-
1516 591 1724 629 d’Hancar-

412 660 524 704 villii,
549 660 611 709 qui
632 660 705 696 haec
726 659 805 694 loca
825 657 930 700 adiit,
951 656 986 693 in
1010 657 1102 706 Vcfis
1121 656 1207 692 Etru
1221 670 1248 692 c.
1277 653 1326 689 T.
1344 652 1376 695 I,
1395 666 1431 703 p.
1452 651 1517 702 65,
1536 661 1656 689 natam
1678 651 1726 688 dc

412 722 524 759 Circe
538 721 697 758 fabulam
715 731 763 756 ex
792 719 954 756 Iocorum
982 717 1099 760 facie3
1130 716 1257 753 rudere
1286 713 1383 750 enirn
1411 712 1449 749 in
1479 711 1535 748 his
1563 711 1655 749 locis
1680 724 1724 749 ac

414 783 556 833 mugire
574 780 704 818 fractos
723 781 768 817 ad
788 779 949 829 scopulos
978 776 1086 826 maris
1115 776 1255 817 fluc‘tus,
1290 784 1330 811 ut
1355 774 1491 811 belluas
1517 772 1555 808 in
1580 771 1727 809 Circaeo

414 843 566 880 fremere
584 840 719 882 eredas,
753 840 791 876 in
809 851 896 889 quas
925 846 1080 875 mutatos
1097 836 1163 873 effe
1192 833 1326 878 socios,
1354 845 1443 883 quos
1469 829 1610 880 Ulyffes
1637 829 1726 867 defi*

415 901 579 942 derabat,
598 899 742 936 credere
760 899 893 949 potuit.

469 958 650 1011 Virgilius
665 957 904 996 narrationem
925 955 1163 992 Homericam
1182 952 1327 1004 copiose
1360 950 1406 988 ab
1434 950 1504 987 hoc
1533 954 1728 1001 poetarum

415 1019 527 1058 heroe
562 1020 746 1055 metatam
774 1017 898 1055 leviter
927 1014 1074 1065 attigit:
1103 1014 1178 1058 sed,
1209 1025 1282 1063 quo
1317 1012 1351 1048 se
1385 1011 1588 1048 Homerum
1620 1008 1729 1046 facile

417 1077 581 1130 superare
600 1077 763 1122 videbat,
793 1091 912 1115 rerum
931 1089 972 1113 ac
998 1074 1194 1122 verborum
1220 1072 1437 1124 dignitatern
1464 1069 1627 1114 addidit,
1658 1080 1731 1120 qua

420 1136 620 1176 Homerica
637 1138 794 1175 narratio
811 1135 1028 1174 destituitur.

791 1253 823 1293 E
851 1255 890 1292 X
918 1255 952 1293 C
979 1254 1018 1291 U
1045 1253 1082 1290 R
1109 1252 1132 1289 S
1161 1253 1201 1291 U
1229 1253 1253 1289 S
1304 1253 1355 1291 IL

722 1327 796 1374 De
815 1327 967 1388 acccgffit
989 1327 1145 1373 AE'neae
1165 1325 1224 1370 ad
1242 1325 1432 1371 Italiam.

474 1433 522 1471 29
551 1421 628 1472 sqq.
666 1423 774 1472 Atque
805 1420 857 1457 hic
887 1420 1016 1456 AEneas
1044 1423 1207 1469 ingentem
1223 1431 1268 1454 ex
1284 1431 1414 1467 aequore
1442 1415 1550 1454 lucum
1580 1404 1739 1466 Prqspicfe'

422 1489 496 1517 etc.
551 1481 752 1531 Appellunt
770 1479 915 1516 tandem
936 1476 1094 1527 Trojani
1123 1475 1170 1513 ad
1198 1475 1360 1519 Italiam,
1389 1474 1586 1512 secundum
1605 1473 1735 1524 Virgia

423 1538 513 1576 lium
530 1539 606 1590 ipsa
624 1538 773 1576 Tiberis
795 1537 882 1575 ostia
902 1537 1067 1587 ingressi:
1096 1547 1129 1573 et
1155 1536 1254 1572 laetus
1268 1537 1384 1580 fluvio
1400 1535 1547 1583 succedit
1572 1532 1734 1583 (AEneas)

423 1609 540 1649 ομπος
569 1598 619 1634 cf.
651 1611 719 1637 201
747 1596 907 1634 Fluminis
926 1598 1072 1645 intrastis
1099 1602 1214 1644 ustas}
1245 1595 1289 1632 it.
1320 1607 1392 1643 303
1423 1604 1531 1644 optato
1555 1597 1740 1634 conduntur

426 1658 580 1708 93=br2·d12‹
598 1660 682 1709 estio,
700 1656 803 1707 super
816 1657 948 1708 quibus
962 1656 1052 1693 loeis
1070 1655 1197 1693 frustra
1215 1664 1403 1706 argutatur
1420 1655 1569 1693 Cluver.
1588 1670 1625 1706 p.
1648 1658 1737 1695 880,v

403 1719 526 1763 '8813
567 1716 660 1754 fafia
695 1726 831 1760 tamen,
861 1714 960 1765 quod
991 1714 1153 1752 omnium
1189 1726 1332 1763 quoque
1366 1713 1533 1750 consensu
1567 1714 1738 1760 traditur,

426 1774 580 1813 escenfio
605 1776 652 1812 ad
676 1774 849 1812 orientale
875 1773 978 1810 littus
996 1773 1034 1809 in
1054 1772 1272 1810 Laurentum
1291 1785 1392 1822 agro.
1445 1772 1629 1812 Locorum
1662 1773 1737 1812 for-

428 1848 526 1873 mam
544 1834 635 1872 Exc.
654 1834 711 1870 III
727 1833 857 1871 animis
880 1832 1127 1883 subjiciemus-

481 1893 559 1933 Vix
590 1894 629 1931 in
657 1903 761 1945 grato
793 1892 868 1930 solo
899 1892 1148 1936 consederant,
1178 1903 1262 1928 cum
1292 1903 1386 1928 nova
1413 1889 1583 1941 prodigia
1599 1904 1660 1928 eos
1677 1900 1739 1929 ex-

427 1965 613 2005 ceperunt.
667 1956 765 1993 Nam
794 1954 895 1991 humi
927 1952 1148 1996 recubantes,
1180 1962 1231 1996 et,
1263 1962 1301 1989 ut
1331 1965 1353 1988 a
1382 1952 1492 2003 longa
1509 1952 1741 2004 navigatione⁴

428 2014 502 2052 feffi
521 2014 636 2052 facere
654 2014 785 2057 solent,
813 2013 898 2050 cibo
917 2024 1076 2064 potuque
1093 2013 1126 2050 se
1144 2012 1354 2055 reficientes,
1388 2025 1453 2062 pro
1472 2012 1591 2049 mensa
1612 2026 1742 2063 panem

429 2073 561 2124 pomis,
589 2072 720 2123 quibus
746 2073 951 2117 vescuntur,
981 2071 1196 2122 subjiciunt,
1225 2084 1396 2122 moxque,
1424 2085 1528 2108 coena
1543 2071 1637 2109 faeta
1652 2086 1742 2110 con-

430 2132 558 2169 sumtis
574 2142 609 2169 et
627 2132 696 2177 his,
713 2136 755 2181 se
781 2137 906 2183 mensas
935 2133 1093 2182 comedffl
1124 2131 1284 2180 adeoque
1310 2142 1410 2168 vetus
1436 2131 1666 2177 vaticinium,
1696 2145 1742 2170 ex

432 2192 690 2229 nonnullorum
716 2190 786 2228 fide
809 2192 884 2240 jam
912 2190 999 2227 olim
1032 2204 1052 2227 a
1087 2191 1226 2241 Sibylla
1257 2190 1445 2240 Erythraea
1473 2191 1612 2236 datum,
1643 2192 1744 2244 quod

432 2252 480 2290 hu
488 2265 530 2288 nc
547 2264 706 2288 errorum
727 2252 921 2288 terminum
941 2250 1090 2300 figebat,
1116 2263 1160 2288 ne
1176 2251 1222 2287 ad
1247 2249 1430 2288 ulteriores
1449 2250 1648 2288 occidentis
1666 2265 1745 2290 oras

432 2321 638 2363 pergerent,
673 2311 717 2347 ad
750 2320 917 2348 eventum
947 2309 1150 2360 perduxisse
1174 2310 1317 2355 vident,
1348 2320 1387 2348 ut
1415 2323 1435 2347 a
1461 2315 1568 2360 poeta
1599 2312 1746 2361 copiose

434 2382 618 2415 narratum
649 2384 714 2408 nec
735 2370 773 2407 id
794 2371 864 2408 fine
891 2370 1071 2420 dignitate
1097 2370 1198 2420 epica
1226 2370 1375 2414 factum,
1408 2379 1448 2407 ut
1467 2370 1545 2419 jam
1573 2371 1662 2409 alias
1684 2374 1746 2410 de-

435 2432 610 2468 claratum
629 2432 687 2468 est.
721 2431 818 2468 conf.
851 2431 1003 2467 Excurs.
1034 2430 1130 2467 VIII
1157 2431 1224 2468 lib.
1241 2430 1314 2468 III.
1370 2429 1605 2482 Frequentata
1622 2431 1746 2471 fabula

435 2491 615 2533 omniurn,
647 2490 710 2540 qui
731 2490 775 2526 de
797 2490 1040 2540 Trojanorum
1059 2491 1099 2528 in
1128 2490 1276 2528 Latium
1303 2491 1456 2528 adventu
1491 2491 1746 2538 meminerunt,

436 2551 698 2589 memoratione
714 2566 723 2594 3
762 2552 972 2602 plerumque
1003 2551 1227 2602 fimplicitcr,
1259 2551 1332 2589 fine
1357 2552 1484 2588 mensae
1511 2552 1658 2589 materia
1685 2567 1747 2590 ex-

435 2613 562 2662 pressa,
597 2620 636 2647 ut
673 2609 710 2646 in
749 2611 900 2647 Conone
935 2612 1001 2660 46,
1038 2610 1102 2648 ubi
1140 2614 1234 2658 λόγος
1269 2611 1346 2648 ἔτος
1377 2613 1654 2656 κατημσίὲευται,
1679 2612 1750 2649 five‘

439 2671 573 2707 Conon
609 2670 678 2707 five
714 2669 864 2706 Photius
900 2669 1050 2719 adjecit,
1083 2670 1206 2708 tritam
1242 2671 1308 2707 effe
1339 2670 1496 2707 fabulam
1532 2670 1747 2721 significans.-

438 2730 508 2768 Sed
527 2729 613 2766 inest
633 2729 814 2765 diverfitas
833 2729 871 2765 in
891 2730 1018 2766 mensae
1037 2730 1200 2774 materia,
1230 2743 1337 2780 quam
1358 2729 1421 2766 alii
1454 2742 1525 2766 non
1552 2731 1665 2768 libum
1688 2730 1750 2767 sed

441 2788 564 2840 apium
593 2787 696 2825 suissi:
728 2787 967 2827 tradiderunt.
1023 2788 1178 2839 Dionys.
1211 2788 1244 2834 I,
1264 2803 1310 2842 55
1335 2788 1522 2839 utriusque
1539 2789 1753 2828 narrationis

1658 2849 1749 2890 facit
