1847 3313
644 308 920 375 [369]

121 500 1443 538 Q:

514 684 917 724 EXCURSUS
972 682 1030 721 L*

210 786 411 838 Narrata
432 794 482 840 de
504 795 648 841 AEnecz
670 803 710 841 et
734 793 915 854 Anchzse
935 801 1032 838 ante
1053 792 1153 837 belli
1174 788 1351 853 Trojani

679 877 882 930 tempora.

126 932 259 1007 LIB.
282 970 352 1015 IX,
373 973 461 1023 263.
480 973 554 1024 264
573 974 667 1012 Bina
686 973 772 1012 dabo
791 984 930 1024 argemo
946 976 1099 1024 perflAEa
1119 984 1220 1022 atque
1236 973 1433 1021 aspcraſsgo·

123 1032 176 1066 nis
196 1031 336 1076 Pocula,
363 1038 505 1071 davida
537 1040 671 1085 genitor
697 1051 772 1086 quae
791 1039 874 1085 cepit
889 1035 1027 1084 Assffha.
1083 1034 1141 1069 Ad
1170 1047 1225 1070 res
1252 1043 1337 1069 ante
1356 1032 1436 1068 bel-

121 1086 197 1126 lum
217 1090 418 1139 Trojanum
440 1095 569 1145 gestas,
598 1096 764 1145 adeoque
790 1094 836 1131 ad
864 1096 909 1131 τὰ
937 1095 1141 1143 πςοομηξικεὲ
1161 1096 1230 1130 hoc
1249 1092 1437 1143 pertinere

120 1152 161 1191 in
180 1149 289 1188 Notis
305 1152 480 1202 professus
499 1155 571 1192 sum
588 1170 599 1198 ;
628 1168 728 1195 nam,
758 1154 855 1204 quod
875 1154 911 1191 in
936 1154 1064 1192 Servio
1084 1168 1128 1190 ex
1147 1154 1297 1191 obscuro
1315 1154 1435 1191 homi-

123 1220 169 1245 ne
190 1209 336 1248 Abante
363 1216 390 1250 ἐν
408 1218 472 1249 τοῖς
490 1216 639 1263 Τξωϊκοΐς
660 1213 809 1251 allatum
829 1214 877 1250 est
894 1226 913 1250 e
933 1213 1062 1250 fabulis
1091 1214 1176 1251 inde
1213 1214 1259 1249 ab
1287 1213 1436 1250 excidio

121 1271 347 1314 memoratis,
376 1273 486 1320 poeta
508 1273 688 1322 respicere
722 1285 794 1309 non
829 1272 972 1321 potuit:
1018 1272 1156 1322 quippe
1186 1272 1249 1322 qui
1275 1274 1435 1311 AEneam

120 1327 238 1365 statim
257 1340 399 1382 acapta
419 1330 507 1368 urbe
527 1330 712 1368 discedere
739 1330 836 1379 juffit
867 1343 934 1368 nec
971 1330 1009 1367 in
1042 1332 1194 1369 Troade
1226 1346 1341 1370 novas
1376 1346 1436 1372 res

122 1391 258 1429 moliri.

173 1450 314 1489 Verum
336 1464 456 1490 rerum
477 1461 559 1489 ante
578 1451 716 1489 benum
732 1449 938 1499 Trojanum
973 1451 1154 1501 gestarum
1186 1453 1337 1491 omnino
1365 1454 1434 1492 ob—

121 1507 258 1548 scurior
277 1512 325 1548 est
340 1511 531 1555 memoria,
560 1525 670 1560 quam
692 1524 832 1553 earum,
861 1524 940 1560 quae
961 1511 1089 1548 urbem
1109 1522 1255 1561 captam
1278 1527 1434 1564 excepe-

121 1579 219 1606 runt.
274 1569 381 1607 Nihil
395 1571 487 1608 forte
502 1571 804 1613 defideraremus‚
833 1570 857 1606 fi
874 1572 1022 1607 Carmen
1040 1571 1198 1621 Cipi-ium
1212 1573 1405 1624 superesset
1421 1588 1433 1611 :

120 1628 168 1666 de
184 1642 255 1680 quo
280 1629 350 1667 vid.
365 1630 411 1667 ad
429 1630 491 1668 lib.
506 1631 545 1668 ΙΙ
568 1632 661 1668 Exc.
679 1633 713 1674 1,
742 1645 780 1682 p.
802 1644 872 1682 275
896 1630 948 1680 sq.
1003 1631 1135 1682 Neque
1150 1632 1266 1682 igitur
1279 1633 1434 1685 indigne

120 1689 292 1733 feremus,
320 1691 346 1728 fi
364 1691 409 1728 de
428 1701 539 1740 capta
554 1692 600 1728 ab
617 1691 776 1729 Anchise
797 1690 927 1727 Arisba
955 1690 1046 1729 nihil
1064 1692 1212 1730 aliunde
1244 1694 1402 1733 innotuit
1419 1711 1433 1741 3

122 1748 217 1786 adeo
238 1760 275 1787 ut
294 1748 456 1787 dubitari
471 1763 615 1800 quoque
635 1752 750 1800 possit,
781 1751 869 1787 sitne
887 1750 1048 1787 Troadis
1069 1765 1113 1788 an
1134 1751 1237 1790 Lesbi
1258 1755 1341 1792 urbs
1361 1757 1434 1794 hoc

121 1811 206 1848 loco
231 1810 488 1862 intelligenda.
545 1812 656 1849 Misso
689 1822 810 1849 telmon
837 1811 921 1854 hoc,
948 1812 1243 1863 quandoquidem
1270 1816 1377 1854 semel
1396 1817 1435 1855 in

121 1869 218 1908 hanc
243 1871 467 1921 questionem
498 1870 711 1915 incidimus,
737 1883 803 1921 age
822 1869 1010 1908 videamus
1035 1873 1119 1915 alia,
1147 1887 1226 1924 quae
1249 1875 1295 1913 de
1312 1877 1434 1915 AEnea

117 1941 157 1970 et
178 1931 333 1969 Anchise
353 1942 437 1969 ante
454 1932 541 1970 belli
557 1932 716 1982 Trojani
749 1943 932 1982 tempora,
961 1946 1041 1982 quae
1072 1935 1256 1974 Homerus
1289 1939 1433 1990 attigit,

117 2001 266 2029 narrata
293 1991 388 2029 forte
418 1992 572 2042 reperiri
598 1993 764 2042 poffunt:
812 1991 1038 2030 absolvemus
1068 1994 1113 2032 sic
1142 2008 1289 2035 omnem
1307 2013 1432 2038 rerum

119 2050 245 2088 AEneae
261 2050 477 2089 memoriam
493 2050 531 2088 in
552 2051 610 2089 his
630 2050 850 2089 Excurfibus
869 2051 992 2101 paffim
1009 2055 1221 2104 expositam.

171 2111 226 2148 Ut
242 2111 359 2161 igitur
372 2110 546 2148 omittam
566 2111 643 2154 illa,
672 2125 753 2163 quae
772 2111 818 2148 de
835 2111 999 2149 Anchisae
1015 2114 1119 2165 stirpe
1132 2129 1153 2152 a
1167 2117 1345 2157 Dardano
1364 2133 1431 2170 per

118 2169 279 2213 Troem,
308 2171 534 2213 Assaracum,
563 2171 694 2222 Capyn
729 2171 837 2208 duda
867 2171 964 2220 (vid.
994 2174 1086 2212 Exc.
1113 2176 1167 2213 Vl
1187 2177 1232 2214 ad
1258 2179 1322 2217 lib.
1342 2182 1425 2231 111)

117 2242 195 2271 tum
216 2229 261 2267 de
282 2230 405 2267 AEneae
423 2230 601 2267 natalibus
621 2244 667 2268 ex
687 2231 841 2268 Veneris
874 2240 911 2267 et
937 2233 1108 2271 Anchisae
1136 2241 1326 2288 congressu
1345 2242 1430 2282 satis

118 2301 208 2328 nota
227 2290 326 2327 sunt:
357 2289 432 2327 vid.
457 2290 561 2327 Iliad.
588 2309 619 2335 υ,
658 2303 734 2340 214
760 2290 830 2341 sq„
857 2290 983 2340 ibique
1014 2294 1139 2332 Schol.
1176 2310 1221 2334 ex
1245 2301 1431 2349 Acufilao‚

118 2351 261 2401 Hymn.
289 2350 327 2387 in
346 2351 544 2393 Venerem,
571 2362 607 2388 et
627 2351 677 2389 cf.
698 2350 874 2401 Apollod.
897 2351 975 2394 III,
1011 2367 1071 2397 ιε,
1092 2369 1112 2392 2
1146 2369 1229 2395 cum
1251 2361 1376 2407 Notis,
1391 2379 1430 2407 et

120 2410 320 2449 Meziriac.
340 2410 385 2447 ad
399 2410 516 2448 Ovid.
536 2411 694 2449 Heroid.
715 2412 756 2448 Ρ.
777 2412 834 2453 ΙΙ,
863 2425 902 2461 p.
927 2425 992 2462 142
1013 2429 1024 2458 ;
1053 2421 1350 2459 commemorabo
1369 2438 1429 2464 re-

113 2471 231 2522 liqua,
259 2470 394 2522 partim
431 2471 550 2510 minus
585 2471 710 2516 obvia,
744 2471 881 2522 partim
913 2473 961 2510 ad
995 2475 1244 2527 Virgilianum
1279 2495 1429 2523 carmen

117 2533 268 2583 propius
289 2532 500 2582 spectantia.

168 2593 322 2631 AEneam
344 2589 533 2641 ‘I‘rcy'anum
552 2591 791 2642 appellatum,
819 2592 943 2642 Trojae
959 2608 1104 2647 quoque
1118 2600 1243 2637 domum
1256 2603 1428 2651 Anchisae,

115 2649 299 2688 incoluisse
314 2650 379 2688 lib.
400 2650 453 2693 ΙΙ,
475 2664 548 2701 ²99
568 2651 790 2689 audivimus.
847 2653 902 2690 Eo
935 2665 1056 2693 tamen
1086 2671 1158 2694 non
1179 2660 1242 2697 nisi
1261 2662 1322 2699 sub
1342 2663 1429 2701 belli

115 2710 276 2760 Trojani
291 2721 431 2763 tempus
450 2710 633 2748 devenisse
662 2713 846 2764 putandus
866 2715 915 2752 est
932 2729 940 2752 :
984 2716 1191 2756 Dardanum
1218 2722 1343 2758 urbem
1365 2723 1427 2761 ille

114 2772 264 2809 tenebat
278 2770 374 2808 haud
388 2771 497 2822 longe
512 2772 558 2808 ab
580 2771 650 2810 Ilio
664 2773 818 2811 dissitam
836 2789 847 2817 ;
879 2775 1085 2814 Dardanios
1101 2792 1246 2831 quoque
1261 2782 1428 2821 adduxe-

115 2841 195 2870 rat:
224 2830 329 2868 Iliad.
349 2832 388 2873 β,
411 2833 497 2883 819.
526 2833 578 2872 cf.
593 2832 668 2885 sup.
691 2833 783 2872 Exc.
806 2833 919 2872 XVII
934 2835 980 2874 ad
991 2835 1056 2876 lib.
1071 2836 1125 2876 H.

167 2890 283 2930 Tota.
301 2887 371 2928 ΙΙΙ.
807 2893 845 2929 A
864 2905 886 2930 a
1270 2899 1427 2951 Natale3
