1847 3313
392 281 452 328 14

387 391 525 445 semper
541 395 586 431 ad
603 395 699 433 idem
733 408 846 455 genus
863 397 1010 434 redeun-

389 444 480 483 tium
513 447 631 490 turba,
659 447 754 484 nasei
780 447 931 498 legentis
949 457 1009 485 tae-

388 496 507 535 dium.
562 498 709 535 Scilicet
744 499 789 536 sic
834 499 880 536 ab
909 499 1010 536 omni

389 550 594 587 narratione
612 549 731 599 epica‚
757 563 836 599 quae
854 550 890 587 in
911 550 1013 587 rebus

388 601 495 656 gestis
531 601 671 650 magnis
701 614 740 638 ac
787 601 1013 640 mirabilibus

390 651 562 700 iac'tisque
593 652 751 689 audaciae
785 665 825 689 ac
869 653 1014 691 virtutis

391 700 546 740 heroicae
566 703 681 753 specie
707 703 844 740 animos
870 717 1015 742 moven-

392 753 489 791 tibus
525 755 694 798 versatur,
736 755 805 791 erit
838 754 1013 793 abstinen-

393 804 495 842 dum.
553 806 650 842 Nam
670 816 705 842 et
725 818 854 855 magna
872 807 918 843 est
937 819 1015 844 om-

394 855 495 894 nium
512 857 726 900 similitudo,
754 867 788 893 et
810 870 938 907 magna
957 871 1017 895 eo·

392 922 474 946 rum
488 922 565 959 pars
586 909 687 945 rebus
701 908 796 945 bello
810 909 912 958 gestis
931 923 1018 947 con·

394 960 550 997 tinetur:
581 959 747 1010 inprimis
765 959 787 995 si
800 961 848 1012 de
863 959 909 997 iis
923 975 1018 1011 quae-

393 1012 499 1056 ritur,
518 1025 596 1061 quae
607 1021 858 1062 argumentum
875 1012 1018 1062 epicum

393 1064 621 1113 suppeditare
635 1063 777 1113 possint.
832 1063 929 1099 Tum
950 1064 1018 1101 bel-

394 1115 439 1159 lo,
467 1114 511 1150 ad
531 1114 641 1165 ipsam
659 1113 884 1151 historiarum
896 1113 1018 1158 fidem,

394 1176 526 1224 paratae
561 1166 707 1203 fuerunt
727 1165 900 1215 Trojanis
923 1166 1019 1204 sedes

395 1231 436 1255 in
453 1218 579 1263 Latio;
605 1227 640 1254 et
659 1217 787 1254 variati
804 1217 882 1254 sunt
895 1230 915 1254 a
929 1222 1017 1267 poe*-

395 1279 432 1306 ta
468 1282 670 1320 pugnarum
704 1267 805 1305 casus
845 1267 1017 1315 mirifice3

396 1320 507 1358 etiam
539 1319 710 1371 episodiis
744 1319 813 1356 suis
848 1320 1018 1359 distineti.

395 1372 537 1410 Bellum
569 1372 669 1409 aiunt
688 1382 831 1422 propter
848 1373 1019 1421 puellam,

395 1425 522 1462 AEneae
539 1436 735 1473 numquam
763 1423 893 1468 visam,
919 1424 1018 1474 geri:

398 1476 510 1527 Qod
531 1488 653 1512 verum
672 1487 743 1510 non
766 1475 825 1511 est.
868 1475 1022 1512 Geritur

396 1526 533 1564 bellum
549 1526 652 1575 super
664 1526 908 1574 Trojanorum
926 1527 1021 1563 sedi-

398 1578 464 1616 bus
483 1579 521 1615 in
542 1577 666 1615 Latio:
697 1577 841 1614 accedit
860 1577 1022 1615 Laviniae

397 1629 609 1680 conjugium
617 1639 800 1678 tamquam
811 1629 941 1679 pignus
954 1629 1021 1666 foe-

397 1681 493 1719 deris
514 1695 596 1718 curn
612 1680 745 1717 Latino
772 1680 874 1731 super
901 1681 956 1717 his
970 1681 1021 1718 se-

398 1733 508 1770 dibus
542 1732 580 1769 in
598 1731 707 1769 Latio
725 1732 890 1769 conceffis
907 1732 994 1769 fatti
1010 1746 1018 1770 :

399 1783 493 1829 VII,
523 1785 596 1821 260
615 1784 666 1835 sq.
712 1783 782 1833 267
804 1783 857 1833 sq.
912 1783 1022 1821 Lavi-

399 1835 472 1873 niae
506 1849 681 1880 amorem,
730 1835 871 1884 qualem
909 1836 1023 1872 nostra

399 1897 484 1924 aetas
510 1887 652 1938 probat,
679 1885 724 1922 ab
755 1885 870 1923 AEnea
898 1887 1024 1925 frustra

400 1938 441 1976 in
456 1939 602 1976 heroica
637 1938 712 1975 vita
729 1938 922 1988 expeRari,
950 1939 1024 1977 alio

398 1990 484 2027 loco
517 1989 655 2027 monui.
710 1990 851 2026 Amatae
881 2003 1025 2040 quoque

399 2052 533 2092 partes,
559 2043 680 2092 quales
698 2040 828 2077 Mariae
846 2040 1025 2078 Mediceae

400 2094 458 2131 vel
478 2095 596 2131 Annae
615 2093 827 2136 Austriacae,
852 2105 894 2130 ea
922 2102 1024 2131 aetate

400 2145 482 2182 dari
497 2159 568 2182 non
587 2155 765 2195 poterant.
810 2144 931 2180 Etiam
951 2143 1024 2182 ino

397 2198 475 2247 jam
493 2210 575 2234 curn
596 2196 728 2233 Latino
745 2196 878 2232 foedere
893 2196 1024 2232 caussas

401 2248 488 2286 belli
507 2248 609 2285 aiunt
641 2247 847 2298 (Macrobii
862 2248 1027 2297 exemplo

404 2300 480 2337 Sat.
498 2300 549 2345 V,
573 2303 632 2351 17)
654 2299 761 2336 nimis
777 2300 843 2336 effe
858 2299 968 2335 exiles
985 2312 1027 2335 ac

405 2362 550 2396 tenues;
580 2364 737 2392 cervam,
763 2350 890 2401 puellae
905 2349 1029 2387 Silviae

404 2404 568 2447 delicias,
595 2403 676 2440 casu
711 2416 730 2438 a
761 2402 930 2451 Trojanis
961 2416 1029 2438 cae-

404 2456 493 2493 sam.
547 2454 629 2491 Nec
648 2464 766 2490 tamen
800 2455 916 2491 cauffa
950 2453 1026 2491 liaec

402 2506 491 2544 belli
509 2505 594 2549 fuit,
620 2505 695 2550 sed,
722 2505 1028 2554 exacerbatisjam

403 2558 622 2595 Latinorum
642 2556 772 2594 animis
795 2556 926 2606 prima,
957 2570 1028 2606 qua

405 2620 630 2660 erumperent
649 2608 727 2652 irae,
753 2607 892 2645 occasio
910 2608 1026 2656 (conf.

404 2663 451 2699 ad
468 2661 559 2703 VII,
577 2663 664 2711 475)
681 2672 689 2696 :
718 2673 831 2709 eaque
845 2660 888 2694 ad
902 2659 1028 2710 priscae

402 2713 488 2750 vitae
499 2726 635 2749 morem
654 2725 728 2748 non
747 2711 839 2748 male
855 2722 1026 2761 attempe-

405 2775 481 2802 rata
497 2779 506 2808 3
535 2763 702 2813 inprimis
716 2763 739 2800 fi
759 2761 905 2799 Latium
922 2763 1024 2812 cogi-

403 2826 456 2853 tes
471 2816 575 2865 quale
590 2815 655 2853 illo
673 2825 832 2864 tempore
850 2814 937 2858 fuit,
964 2827 1027 2863 per

405 2867 507 2906 vicos
528 2876 562 2906 et
580 2867 725 2918 tuguria
752 2865 895 2917 sparsim
925 2865 1026 2905 inha-

593 265 645 311 P.
697 261 1075 312 VIRGILII
1126 262 1509 314 MARONIS

1077 393 1248 440 bimum,
1276 408 1359 433 cum
1385 408 1455 435 una
1487 395 1572 434 urbs
1608 394 1710 433 Lana

1078 457 1215 484 rentum
1235 447 1341 484 esset:
1369 448 1430 485 etsi
1458 452 1566 499 po'eta
1585 446 1704 484 tenui-

1077 507 1187 535 tatem
1203 511 1318 535 rerum
1337 498 1532 549 diligenter
1548 510 1593 535 cx
1611 511 1704 535 ocu-

1076 548 1120 585 lis
1156 549 1350 599 legentium
1382 550 1554 594 removit,
1581 548 1705 599 resque

1078 600 1161 636 vitae
1176 599 1328 637 heroicae
1345 613 1513 650 pauperes
1530 610 1566 637 et
1591 599 1707 637 exiles

1075 651 1180 700 epico
1193 650 1381 702 splendore
1394 651 1531 689 summo
1542 650 1705 688 ornavit.

1078 699 1148 739 Sed
1176 702 1328 739 omnino
1358 702 1446 739 belli
1478 702 1630 740 exordia
1657 701 1707 738 ad

1077 751 1233 800 Junonis
1269 763 1360 791 artes
1396 763 1433 790 et
1466 753 1511 790 ad
1546 763 1705 790 evocatae

1063 805 1225 841 -Aletstus
1243 800 1385 842 fraudes
1404 804 1592 842 referenda
1604 805 1702 848 sunt,

1079 855 1208 904 quibus
1221 855 1418 907 exasperati
1438 856 1654 898 Latinorum
1668 866 1709 893 et

1084 906 1205 943 Turni
1223 907 1370 944 animia
1400 907 1503 944 novis
1529 907 1567 944 in
1596 907 1710 945 Latio

1082 957 1225 995 sedibus
1237 959 1418 1008 Trojanos
1436 959 1645 1009 prohibent.

1134 1010 1177 1046 In
1197 1010 1331 1048 Latino
1351 1021 1467 1048 tamen
1485 1011 1595 1047 multa
1611 1010 1707 1053 sunt,

1082 1075 1161 1112 quae
1174 1062 1358 1112 personam
1386 1061 1524 1112 epicam
1553 1062 1708 1099 dedece-

1082 1122 1156 1150 ant.
1211 1113 1322 1150 Rene
1351 1114 1420 1150 hoc
1435 1122 1652 1157 moneretur,
1680 1113 1708 1150 fi.

1084 1163 1225 1214 epicam
1277 1165 1354 1207 ille,
1405 1178 1512 1214 quam
1565 1166 1710 1209 volunt,

1084 1217 1267 1265 personam
1283 1217 1478 1260 sustineret,
1504 1216 1573 1253 hoc
1591 1216 1654 1260 est,
1681 1216 1708 1253 si

1084 1268 1122 1303 in
1138 1268 1206 1305 hoc
1225 1280 1308 1318 rege
1327 1268 1463 1305 summa
1489 1279 1607 1304 rerum
1625 1281 1708 1305 ver-

1085 1328 1230 1357 teretur.
1297 1319 1379 1357 Nec
1421 1332 1508 1356 vero
1549 1318 1709 1356 eminere

1083 1383 1164 1407 eum
1200 1384 1264 1421 par
1290 1381 1384 1415 erat,
1437 1371 1461 1407 si
1487 1370 1634 1407 Turnus
1669 1371 1729 1421 5¹¹,

1086 1421 1246 1459 medium
1260 1432 1334 1459 erat
1352 1422 1585 1460 adducendus
1608 1422 1710 1472 isque

1085 1487 1169 1510 cum
1189 1473 1302 1510 AEnea
1320 1474 1605 1522 comparandus:
1647 1483 1710 1510 aut

1085 1525 1182 1561 enim
1215 1525 1288 1561 duo
1321 1524 1435 1561 futuri
1453 1534 1552 1561 erant
1571 1525 1710 1567 Turni,

1087 1586 1148 1612 aut
1177 1575 1386 1634 simplicitas
1413 1576 1565 1612 aetionis
1592 1586 1627 1613 et
1654 1589 1712 1613 ar-

1085 1638 1250 1677 gumenti
1269 1628 1386 1665 unitas
1399 1627 1605 1665 deferenda.
1627 1629 1710 1665 Ad-

1087 1678 1292 1716 umbratum
1320 1680 1368 1716 est
1396 1678 1435 1716 in
1457 1679 1587 1715 Latino
1613 1689 1712 1716 vete-

1086 1744 1165 1767 rum
1178 1743 1301 1781 regum
1314 1731 1536 1781 exemplum,
1555 1743 1711 1780 quorum

1085 1781 1146 1818 vix
1183 1782 1255 1818 alia
1281 1783 1486 1825 auffloritas,
1530 1795 1637 1832 quam
1670 1791 1711 1820 ut

1085 1832 1316 1870 consiliorum
1360 1834 1486 1884 populi
1531 1833 1712 1884 principes

1085 1884 1244 1934 bellique
1260 1886 1368 1922 duces
1385 1886 1504 1922 essent.
1560 1884 1712 1923 Latinus

1088 1935 1211 1985 itaque
1241 1950 1314 1973 non
1343 1938 1451 1973 audet
1481 1937 1616 1974 bellum
1650 1950 1713 1987 ge-

1088 1988 1239 2025 rendum
1253 1989 1461 2031 detrestare,
1480 1988 1711 2038 poscentibus

1087 2039 1250 2089 populis:
1292 2039 1357 2076 lib.
1386 2039 1477 2084 VII,
1520 2053 1587 2091 591
1629 2040 1713 2090 sqq.

1089 2090 1186 2127 Cum
1202 2100 1319 2128 autern
1336 2091 1465 2128 Turno
1479 2091 1614 2127 summa
1623 2090 1713 2130 belli

1087 2142 1170 2179 effer
1188 2143 1415 2180 mandanda:
1447 2142 1598 2179 Latinus
1611 2143 1715 2181 annis

1089 2192 1208 2243 gravis
1239 2207 1261 2231 a
1296 2208 1410 2231 rerum
1440 2194 1520 2230 atta
1555 2203 1632 2231 erat
1658 2209 1713 2232 re-

1089 2245 1298 2283 movendus.
1351 2246 1477 2295 Itaque
1492 2244 1638 2283 Turnus
1650 2260 1714 2284 co-

1088 2296 1165 2346 pias
1197 2296 1313 2348 cogit,
1338 2310 1467 2348 agmen
1497 2297 1623 2343 ducit3
1665 2298 1714 2335 ad

1088 2347 1232 2398 ejusque
1246 2349 1464 2386 voluntatem
1482 2347 1520 2385 in
1535 2347 1610 2397 ipsa
1623 2349 1715 2386 adeo

1090 2399 1177 2436 urbe
1213 2413 1313 2438 novae
1344 2399 1458 2450 copiae
1479 2399 1716 2437 conscribun-

1094 2461 1151 2487 tur
1169 2451 1233 2488 lib.
1252 2451 1345 2496 VII,
1365 2453 1434 2501 367
1456 2451 1536 2501 sqq.
1591 2451 1714 2489 Turni

1093 2512 1212 2539 autem
1240 2502 1342 2539 ferox
1371 2502 1558 2553 ingenium
1577 2515 1618 2539 ac
1635 2503 1716 2540 vio-

1092 2554 1204 2591 lentia
1241 2555 1357 2591 multo
1396 2553 1511 2604 magis
1543 2554 1716 2593 elucescit

1092 2619 1174 2642 cum
1196 2605 1317 2642 Latini
1351 2604 1433 2642 miti
1460 2615 1494 2641 et
1529 2605 1715 2643 mansueta

1093 2667 1210 2694 mente
1243 2666 1462 2707 comparata.
1533 2655 1602 2693 Sed
1637 2657 1715 2707 ipse

1091 2708 1238 2746 Turnus
1255 2709 1333 2759 plus
1345 2707 1506 2745 audaciae
1521 2720 1562 2745 ac
1581 2707 1716 2746 vividae

1090 2759 1236 2797 virtutis
1271 2759 1392 2802 habet,
1430 2773 1538 2809 quarn
1568 2759 1713 2797 AEneas.

1093 2811 1206 2849 Rene
1240 2810 1380 2861 utique,
1426 2824 1468 2848 ne
1499 2812 1574 2848 duo
1606 2811 1714 2848 effent

1091 2865 1228 2905 AEneae.
1281 2862 1330 2902 Et
1366 2862 1506 2914 *dignus
1542 2872 1617 2899 erat
1649 2863 1714 2898 ad-

1541 2912 1719 2954 vetrarias
