1847 3313
442 272 858 330 AENEIDOS,
909 270 1061 320 LIB.
1111 270 1226 319 VII.
1402 285 1462 334 27

148 423 250 476 Hic
275 431 321 468 et
344 431 449 466 tum
471 427 606 480 pater
627 412 726 477 ipse
750 424 914 475 petens
937 406 1156 472 responsa
1181 405 1380 453 Latinus

149 514 358 563 ,Centum
381 509 609 570 lanigeras
635 501 867 551 manabat
893 499 983 549 rite
1005 497 1229 555 bidentis,

152 604 314 665 Atque
334 602 501 647 harum
522 594 711 642 effultus
736 605 872 655 tergo
896 588 1136 650 stratisque
1152 585 1344 651 jacebat

151 694 434 748 Velleribus.
473 689 636 737 Subita
651 702 708 733 ex
725 685 822 731 alto
839 698 932 729 vox
950 681 1133 740 reddita
1148 680 1258 726 luco
1274 680 1362 727 est:
1399 691 1456 744 95

151 787 230 835 Ne
249 795 358 847 pete
380 778 629 829 connubiis
650 788 811 823 natam
834 773 1007 821 sociare
1034 772 1238 830 Latinis,

151 878 201 927 ,Ο
225 893 331 925 mea
354 873 621 939 progenies,
656 867 873 916 thalamis
898 883 988 917 neu
1015 866 1152 912 crede
1171 865 1345 931 paratis
1361 891 1376 922 ς

152 965 352 1022 Externi
376 963 571 1010 veniunt
594 959 769 1024 generi,
804 958 886 1022 qui
911 957 1137 1021 sanguine
1158 957 1376 1005 nostrum

155 1058 348 1107 Nomen
380 1040 431 1099 iri
467 1051 584 1107 astra
614 1049 780 1105 ferant,
812 1063 1113 1118 quorumque
1134 1046 1194 1093 ab
1218 1047 1362 1111 stirpe
1383 1064 1470 1094 ne-

347 1154 484 1209 potes

199 1287 254 1323 92.
277 1276 324 1308 Sic
338 1283 363 1308 et
373 1287 423 1319 pr.
439 1276 565 1315 Mox-et.
610 1280 672 1306 tunc
687 1271 830 1317 plurimi.
875 1272 937 1301 dum
962 1270 1022 1304 sec.
1040 1269 1193 1307 Rottend.
1286 1279 1339 1313 93.
1363 1274 1471 1301 maiia·

157 1337 205 1364 rat
221 1329 322 1360 Goth.
339 1328 399 1360 sec,
445 1328 583 1358 maft’avit
610 1326 669 1357 sec.
704 1322 860 1355 Rottend.
886 1330 918 1354 et
941 1323 1027 1355 Gud.
1047 1333 1065 1352 a
1085 1332 1129 1352 m.
1147 1322 1208 1353 sec.
1297 1331 1350 1363 94.
1375 1333 1470 1353 earum

159 1381 246 1425 Pier.
265 1381 396 1421 aliquot.
441 1386 516 1421 tergo
532 1377 681 1420 exquifite
696 1387 754 1419 pro
770 1375 879 1417 tergi&
924 1376 1025 1405 latebat
1052 1374 1151 1405 Goth.
1171 1374 1374 1416 sec.——-95.
1389 1375 1472 1416 sabi-

157 1441 185 1464 to
200 1432 321 1464 Medic.
338 1431 443 1463 Colot.
459 1441 533 1462 cum
549 1429 618 1461 aliis
633 1428 742 1461 Heius.
778 1428 856 1468 flabit
875 1426 959 1457 Gud.
975 1437 992 1457 a
1008 1438 1052 1459 m.
1067 1437 1118 1469 pr.
1155 1427 1246 1467 fibito
1259 1439 1295 1457 ex
1306 1428 1367 1458 alta
1376 1427 1474 1458 'vVitt-

159 1484 194 1526 {st
209 1483 293 1514 deest
308 1482 391 1514 binis
407 1481 505 1524 Goth.
595 1479 649 1522 96.
673 1479 704 1516 Si
719 1477 842 1510 subtilis
862 1477 921 1509 effe
948 1477 1039 1516 velis,
1061 1478 1262 1510 scribendum
1278 1486 1345 1510 erat
1364 1479 1473 1509 Connu-

160 1537 221 1566 bIs.
258 1534 369 1577 sbciqffe
385 1533 519 1565 Cledon.
535 1532 591 1563 lib.
602 1533 629 1562 11
643 1533 717 1563 Art.
731 1532 1021 1571 Grammat.——-9
1029 1539 1057 1569 7.
1078 1542 1128 1562 neu
1145 1530 1255 1561 Heins.
1268 1541 1285 1563 e
1302 1530 1427 1562 Medic.
1438 1537 1471 1561 et

160 1588 239 1634 ²i’ffis·
284 1588 395 1630 Vulgo
411 1599 465 1618 nec.
512 1586 555 1616 W
558 1584 606 1616 itt.
637 1596 680 1617 ne,
771 1582 823 1624 98.
855 1583 964 1612 venies-at
990 1583 1113 1613 Medic.
1140 1592 1213 1621 cum
1237 1594 1355 1625 magna
1380 1590 1471 1625 parte

162 1640 252 1673 codd.
270 1640 356 1671 Pier.
372 1647 402 1670 et
421 1637 546 1674 Heius„
566 1636 601 1667 it.
613 1635 690 1667 Ald.
703 1641 778 1666 tert.
821 1633 883 1664 Sed
896 1632 977 1664 bene
990 1633 1058 1674 jam
1072 1635 1158 1665 Serv.
1174 1635 1256 1666 vidit
1270 1638 1388 1667 veniunt
1402 1645 1471 1665 me-

161 1693 222 1725 lius
232 1690 402 1722 convenire
418 1687 580 1725 vaticinio,
600 1686 697 1729 quod,
721 1696 791 1728 quae
811 1684 918 1715 futura
947 1684 1031 1722 sunt,
1067 1692 1102 1716 ut
1133 1686 1301 1727 praesentia
1331 1686 1476 1718 nuntiat·

173 1787 176 1790 Δ
250 1752 303 1784 99.
328 1743 367 1772 ad
377 1741 451 1785 astra
467 1740 567 1772 Goth.
581 1739 639 1772 sec.
675 1740 779 1780 ferant
795 1735 911 1769 Medic.
926 1743 958 1766 et
974 1746 1084 1766 omnes
1098 1737 1293 1778 antiquiores
1308 1749 1381 1769 cum
1397 1738 1474 1769 edd·

161 1793 236 1826 inde
250 1792 288 1824 ab
305 1792 404 1831 Aldo,
413 1792 499 1835 quod
514 1799 546 1822 et
557 1791 661 1832 ipsum
676 1787 762 1820 reeie
773 1788 802 1819 se
819 1787 934 1825 habet3
952 1795 1075 1818 mutata
1086 1798 1161 1828 moi:
1174 1789 1336 1830 eleganter
1353 1791 1473 1821 oratio-

165 1854 207 1877 ne
223 1845 256 1875 in
271 1845 411 1877 videbunt.
459 1843 520 1875 sed
537 1842 642 1874 Heius.
660 1840 896 1884 recepitferent,
918 1840 1003 1880 quod
1018 1839 1089 1870 sane
1106 1839 1183 1871 ferri
1199 1842 1339 1884 etipsum
1355 1842 1472 1884 potest,

164 1907 203 1929 ex
219 1896 326 1933 Leid„
349 1895 400 1927 cui
415 1894 536 1938 aliquot
550 1894 628 1925 alios
643 1892 789 1936 adjungit
817 1893 1018 1922 Burmannus
1041 1891 1096 1923 sed
1124 1902 1266 1925 recentes
1292 1895 1474 1938 nulliusque

166 1946 375 1998 quetoritatis.
397 1947 480 1992 abst.
496 1946 604 1990 Heius.
619 1957 638 1978 e
654 1943 777 1977 Medic.
793 1950 826 1975 et
843 1943 930 1982 Gud.
957 1942 1066 1988 Vulgo
1081 1945 1205 1989 astirpe.
1231 1945 1271 1977 cf.
1285 1946 1342 1978 lib.
1361 1947 1386 1986 l,
1399 1947 1475 1981 626.

168 2081 312 2120 Notatu
347 2079 499 2130 dignum
518 2077 557 2114 in
585 2077 656 2128 hoc
676 2075 792 2114 Fauni

167 2133 331 2176 oraculo,
357 2131 478 2182 primo
514 2130 614 2180 quod
647 2137 682 2164 et
716 2126 791 2178 ipse

169 2184 332 2223 sacerdos
358 2181 546 2226 incubuit,
584 2189 619 2217 et
654 2179 699 2224 is,
726 2178 790 2229 qui

170 2235 404 2285 consulebat3
449 2233 475 2270 fi
504 2232 650 2283 quidem
672 2230 791 2270 ·Maro

169 2285 320 2325 consilio
346 2286 423 2335 haec
454 2283 506 2321 ita
534 2282 664 2337 extulit
684 2296 719 2320 v.
743 2281 791 2319 86

170 2340 221 2389 sq.
241 2348 276 2375 et
293 2352 341 2389 92
358 2352 370 2383 ;
396 2347 488 2379 tum,
526 2336 626 2385 quod
661 2346 793 2383 necyo-

172 2389 316 2428 mantiae
333 2389 492 2438 aliquam
519 2386 672 2437 speciem
700 2384 792 2433 illud

170 2440 328 2481 habuisse
355 2440 509 2478 videtur.
564 2437 677 2489 Qod
708 2449 793 2474 vero

172 2496 211 2532 'v.
230 2506 254 2542 9
260 2505 278 2543 5
298 2508 341 2530 ex
357 2491 424 2530 alto
432 2505 506 2528 vox
518 2489 645 2527 reddita
655 2488 725 2526 luco
736 2491 793 2536 est,

171 2543 312 2583 Italicis
324 2540 327 2544 ’
341 2542 579 2593 religionibus
610 2539 793 2578 consenta4

173 2609 281 2635 neum
295 2595 358 2638 est,
385 2595 427 2631 in
458 2592 586 2644 quibus
613 2604 719 2630 voees
749 2603 795 2630 ex

173 2649 259 2687 luco
276 2645 408 2684 auditae
421 2643 669 2683 auctoritatem
683 2642 795 2679 habe.

175 2699 278 2737 bant.
329 2698 428 2735 Inter
458 2697 592 2734 ostenta
608 2705 645 2732 et
671 2691 795 2745 prodi-

176 2751 239 2803 gia
253 2763 274 2787 a
287 2749 396 2786 Livio
413 2756 608 2786 memorata
628 2758 754 2783 vocem
776 2759 797 2783 e

177 2804 262 2841 iuco
278 2801 334 2839 vel
365 2809 489 2837 monte
522 2798 684 2836 auditam
708 2797 797 2846 saepe

176 2852 285 2911 ‘prodi
298 2851 378 2906 quis
391 2864 462 2891 non
477 2850 643 2890 meminit
658 2851 673 2888 Ξ
712 2848 798 2888 Fuit

852 2088 996 2164 guoque
1013 2074 1053 2126 in
1071 2075 1193 2113 AEneae
1209 2077 1312 2114 rebus
1322 2077 1477 2128 ejusmo-

881 2127 894 2164 i
913 2126 1090 2164 monitum
1110 2128 1260 2166 deorum
1293 2141 1477 2171 narratum

855 2192 914 2229 ap.
935 2178 1089 2228 Dionys.
1108 2179 1143 2224 I,
1173 2181 1234 2231 56.

908 2243 1102 2279 99—101.
1131 2230 1333 2274 Oraculum
1364 2236 1479 2272 multa

856 2295 940 2331 eum
959 2281 1148 2320 verborum
1165 2283 1344 2335 dignitate
1367 2298 1480 2338 expo.

855 2332 958 2370 fitum
976 2333 1024 2384 est
1039 2350 1049 2378 3
1075 2333 1242 2385 inprimis
1256 2349 1388 2374 nornen
1406 2339 1478 2376 La-

856 2384 974 2422 tinum
979 2388 1167 2436 sanguine,
1194 2388 1381 2438 progenie,
1413 2391 1479 2427 AE-

857 2449 934 2473 neae
961 2436 1206 2476 nobilitatum.
1260 2439 1322 2476 Ad
1357 2440 1482 2493 digni-

857 2496 966 2545 tatem
983 2487 1127 2538 quoque
1155 2489 1243 2532 facit
1276 2491 1485 2531 multitudi-

858 2552 914 2576 nis
932 2552 1101 2577 numerus
1121 2554 1186 2591 pro
1205 2542 1341 2580 unitate
1358 2556 1368 2580 :
1406 2560 1481 2583 con-

858 2590 976 2637 nubia,
1003 2590 1163 2638 thalami,
1190 2601 1324 2631 externi
1349 2605 1481 2646 generi.

857 2641 926 2698 Illa
943 2652 1063 2680 autem
1079 2657 1113 2681 v.
1131 2657 1178 2694 99
1200 2645 1296 2695 seqq.
1315 2649 1484 2697 magnifi-

859 2706 924 2731 ca:
953 2693 1091 2731 Omnia
1091 2698 1160 2744 sub
1173 2697 1311 2746 pedihus
1327 2706 1482 2751 vertique

860 2752 990 2804 rfgique
1005 2746 1168 2784 videbunt
1196 2747 1232 2785 h.
1260 2749 1347 2794 effe3
1393 2750 1482 2803 Sup.

861 2795 945 2834 hcl.
963 2796 1016 2840 V,
1038 2810 1082 2848 57
1090 2798 1160 2846 sub
1170 2799 1366 2851 pedibzgsque
1387 2807 1483 2843 videt

861 2848 962 2888 nubes
974 2850 1129 2902 etfidera
1141 2850 1312 2902 Daphnis.
1364 2853 1391 2889 S
1391 2854 1426 2891 ol
1435 2871 1487 2893 re·

1337 2919 1485 2953 currens„
