1847 3313
381 294 472 352 428
558 287 612 334 P.
679 281 1064 332 VIRGILII
1123 279 1528 329 MARONIS

384 419 587 482 Insignis
613 415 852 478 Messapus
879 413 1027 478 equis.
1095 412 1347 476 Expellere
1371 411 1570 458 tendunt

382 511 527 557 Nunc
553 509 618 564 hi,
650 521 774 553 nunc
799 505 899 551 illi:
935 514 1141 551 certatur
1166 501 1331 548 limine
1355 502 1405 548 in
1430 500 1532 564 ipso
1603 512 1693 563 355

382 600 629 648 Ausoniae.
698 597 884 660 Magno
907 594 1143 642 discordes
1168 593 1343 640 aethere
1365 593 1495 638 venti

385 690 564 738 Proelia
587 704 671 735 ceu
697 686 885 742 tollunt,
919 683 1089 730 animis
1113 694 1159 729 et
1182 680 1363 727 viribus
1388 680 1566 743 aequis:

384 780 497 828 Nou
521 778 604 842 ipsi
625 778 747 824 inter
768 776 829 833 se,
852 791 946 822 non
968 773 1144 830 nubila,
1162 788 1258 819 non
1273 787 1405 819 mare
1423 770 1600 818 cedunt
1618 796 1632 826 ;

382 871 575 933 Anceps
595 884 756 931 pugna
778 866 860 913 diu
879 889 892 920 ;
928 865 1047 911 stant
1072 862 1236 910 obnixi
1257 862 1420 909 omnia
1442 872 1621 908 contra.

383 960 533 1010 Haud
551 959 686 1005 aliter
707 954 932 1020 Trojanae
949 953 1071 1001 acies
1091 951 1307 1014 aciesque
1332 950 1519 998 Latinae
1604 950 1702 1012 360

432 1097 507 1127 354.
531 1088 640 1132 Jnsanis
666 1086 718 1117 M.
743 1081 890 1131 Parrlltxs.
983 1090 1055 1120 355.
1079 1083 1166 1112 limite
1195 1079 1324 1119 Zulich.
1369 1080 1466 1113 limina
1488 1081 1515 1110 in
1538 1079 1595 1123 ipſsz
1612 1079 1699 1111 Gud.

387 1149 407 1170 a
423 1150 467 1171 m.
486 1137 700 1181 pr.———-356.
725 1136 838 1178 Magno
862 1144 974 1176 aequore
994 1131 1168 1175 suspicatur
1195 1132 1321 1171 Burni„
1345 1131 1419 1172 quia
1438 1142 1513 1162 mox
1536 1131 1701 1172 sequitur:

387 1205 439 1224 non
455 1205 543 1225 mare.
586 1190 687 1232 Atqui
703 1189 844 1230 sequitur
869 1195 994 1227 quoque
1009 1196 1059 1215 non
1075 1184 1178 1216 nubila.
1224 1183 1289 1214 Vix
1306 1189 1397 1224 putes
1411 1182 1491 1214 serio
1518 1176 1594 1213 tali'a
1621 1190 1703 1213 trac-

387 1244 462 1275 tari.
508 1245 655 1285 IWagnum
693 1252 769 1272 mare
806 1238 892 1269 idem
929 1237 1160 1277 interpretatur
1197 1234 1446 1276 tempestuosum
1476 1241 1507 1264 et
1545 1234 1703 1275 agitatum

385 1295 503 1326 ventis.
550 1295 676 1336 Magnos
689 1292 802 1335 fluHus
825 1289 858 1321 in
875 1299 948 1320 eum
973 1287 1096 1318 sensum
1120 1286 1181 1317 dici
1206 1297 1270 1316 non
1299 1285 1430 1316 dubito:
1453 1287 1601 1327 Magnum
1616 1297 1705 1322 marc,

388 1347 444 1378 vix
460 1354 557 1389 puto:
582 1345 634 1376 sed
654 1344 693 1375 fic
716 1342 832 1373 dicitur
854 1352 913 1383 pro
934 1339 1020 1370 vasto
1037 1338 1291 1377 mari.—--357.
1313 1338 1412 1368 animis
1424 1346 1450 1367 ec
1468 1336 1582 1367 viribus
1597 1338 1702 1378 aequis.

386 1399 509 1430 Mallet
536 1397 631 1434 forte,
658 1394 763 1436 inquit
789 1394 1003 1428 Burmannus,
1028 1389 1082 1431 qui
1109 1389 1206 1420 modo
1235 1400 1348 1432 aequore
1372 1386 1564 1430 protulerat,
1593 1387 1711 1420 critica,

388 1449 557 1494 prurigine
573 1448 718 1479 laborans
734 1444 848 1486 aliquis
863 1444 915 1475 hic
929 1443 1036 1484 legere
1051 1443 1140 1484 aequi.
1187 1441 1250 1471 Sed
1261 1439 1354 1471 doete
1370 1449 1445 1470 mox
1461 1439 1564 1476 docet,
1579 1446 1704 1470 utrum-

390 1511 452 1542 que
469 1499 600 1540 quidem
612 1497 698 1529 redte
716 1495 789 1533 dici,
804 1495 857 1526 sed
872 1493 1012 1535 Virgilio
1027 1490 1174 1534 placuisse
1190 1491 1329 1522 alterum
1344 1490 1456 1522 viribus
1473 1492 1575 1535 eequis,
1595 1490 1706 1522 multis

387 1551 421 1582 in
448 1550 536 1588 locis,
556 1561 588 1582 v.
616 1560 642 1580 c.
661 1547 717 1578 inf.
738 1545 982 1586 431.—---358.
1005 1546 1096 1575 Nunc
1118 1542 1151 1573 in
1172 1542 1243 1574 edd.
1270 1549 1352 1578 ant„
1374 1540 1475 1582 sicque
1499 1541 1598 1573 Goth.
1628 1549 1706 1572 tert.

385 1603 460 1634 cedit
485 1611 606 1632 omnes.
651 1599 752 1632 cedunt
774 1595 897 1627 Medic.
927 1606 946 1626 2.
976 1605 1019 1625 ni.
1050 1604 1115 1636 pr.‚
1151 1593 1246 1636 idque
1279 1593 1392 1625 Heius.
1422 1592 1568 1634 arripuit,
1594 1593 1704 1634 paullo

388 1653 711 1695 cupidius.——359.
733 1650 826 1681 obnixi
842 1654 873 1678 et
890 1647 968 1678 olim
985 1646 1108 1677 editum
1125 1644 1198 1676 inde
1219 1644 1258 1675 ab
1274 1643 1373 1675 Aldd.
1400 1644 1516 1684 (donec
1533 1643 1580 1675 ed.
1604 1645 1705 1675 Com-

385 1705 498 1736 melin.
517 1714 533 1735 e
551 1703 652 1733 palat.
670 1702 771 1732 obnixa
787 1698 910 1740 intulit)
932 1705 963 1729 et
981 1697 1150 1728 reduc‘mm
1166 1696 1205 1727 ab
1233 1695 1366 1726 Heinsio
1387 1701 1553 1736 tamquam
1576 1695 1708 1737 elegan-

386 1757 466 1792 tius,
490 1765 547 1797 per
569 1752 772 1795 graecismum
784 1751 867 1794 stant
889 1758 984 1780 contra
1006 1747 1097 1778 venti
1124 1747 1215 1778 obnixi
1244 1747 1350 1789 (κατὰ)
1384 1748 1482 1778 omnia.
1531 1747 1583 1777 Est
1612 1748 1707 1789 hujus

387 1805 535 1844 iedlionis
561 1802 735 1835 au&oritas
761 1800 846 1843 apud
869 1798 1063 1830 Arufianum
1091 1797 1254 1829 Meflium.
1308 1799 1430 1828 Omnes
1455 1803 1564 1827 tamen
1588 1798 1707 1841 ubique

388 1860 455 1891 fere
482 1856 574 1888 codd.
599 1865 672 1885 cum
688 1855 837 1883 Romano
850 1858 881 1882 et
899 1850 1046 1882 Mediceo
1058 1849 1177 1887 obnixa3
1203 1856 1238 1880 ut
1254 1850 1341 1880 omnia
1355 1848 1414 1879 sint
1431 1847 1543 1887 obnixa,
1557 1848 1705 1881 obnitari-

386 1918 442 1942 tur
467 1908 523 1940 fibi
547 1907 698 1942 invicem,
718 1914 806 1934 mare
831 1901 947 1940 ventis,
971 1901 1061 1932 venti
1085 1901 1167 1931 mari
1190 1907 1223 1931 et
1244 1899 1284 1931 fic
1309 1910 1416 1941 porro.
1464 1900 1563 1942 Qod
1589 1900 1610 1931 fi
1625 1902 1699 1934 sunt

387 1962 496 1998 ccdd.‚
517 1960 550 1990 in
568 1959 680 2001 quibus
699 1957 792 1988 obnixi
806 1954 937 1997 legitur,
962 1953 1116 1995 scriptum
1134 1952 1213 1983 illud
1237 1952 1270 1982 in
1285 1951 1401 1982 litura:
1426 1960 1544 1993 praeter
1567 1952 1704 1986 alterum

386 2013 507 2047 Hamb.
528 2019 559 2042 et
577 2012 701 2041 Moret.
729 2016 804 2039 tert.
831 2014 862 2038 et
880 2005 980 2037 Goth.
1008 2015 1058 2047 pr.
1081 2004 1120 2035 de
1144 2003 1258 2046 quibus
1273 2003 1306 2034 id
1322 2003 1483 2034 monitum
1505 2015 1573 2035 non
1596 2006 1702 2039 video.

387 2060 504 2096 obnoxia
530 2063 588 2093 sec.
606 2059 760 2091 Rottend.
807 2057 955 2089 Retraxit
978 2057 1078 2088 obnixa
1105 2055 1323 2097 Cuningham.
1352 2062 1384 2085 et
1411 2055 1550 2087 Brunck.
1597 2057 1706 2089 Habet

386 2117 460 2148 sane
476 2123 610 2155 utraque
626 2112 734 2149 leffio,
760 2121 823 2152 quo
839 2109 870 2140 se
892 2108 1096 2140 commendet
1113 2115 1144 2139 et
1165 2117 1228 2149 quo
1244 2107 1274 2138 se
1302 2107 1604 2148 tueatur.-—--36o.
1626 2111 1704 2146 Teu,

387 2179 496 2202 crorum
506 2168 578 2197 acics
588 2164 646 2195 sec.
658 2161 814 2194 Rottend.

393 2277 481 2314 354.
499 2260 674 2311 Expellere
686 2275 695 2304 ;
724 2259 808 2296 loco
827 2257 1018 2309 depellere,
1081 2256 1139 2301 sit,
1173 2255 1270 2307 quod
1314 2268 1375 2294 eos
1416 2254 1455 2292 in
1499 2256 1706 2294 alterutram

391 2313 550 2352 nievere.
608 2312 776 2349 Laudant
820 2310 933 2347 Iliad.
975 2329 1018 2358 μ,
1082 2317 1219 2360 partem
1253 2307 1414 2358 impellat
1449 2315 1485 2343 et
1529 2307 1706 2351 inclinet;

392 2381 466 2418 4¹7
488 2366 541 2417 sq.
1081 2361 1234 2403 scilicet,
1262 2359 1378 2396 donec
1407 2358 1604 2407 aliquando
1629 2368 1708 2396 tur·

450 2418 523 2469 356
560 2417 613 2467 sq.
658 2414 896 2464 Comparatio
931 2427 1020 2463 prae-
1082 2412 1131 2449 bo
1150 2410 1322 2461 erumpit.
1359 2409 1461 2446 conf.
1482 2410 1572 2446 Var.
1603 2410 1706 2448 Lect.

393 2469 566 2508 liantium
595 2481 679 2505 cum
708 2465 822 2504 ventis
851 2465 1022 2502 Homero
1086 2463 1174 2513 360.
1201 2463 1309 2499 haeret
1320 2464 1491 2513 pedepe53
1521 2460 1708 2499 Notiffimi

391 2523 633 2573 frequentata,
677 2532 713 2556 v,
751 2530 785 2554 c.
821 2516 929 2554 Iliad.
974 2534 1018 2560 π,
1083 2514 1200 2552 versus
1216 2513 1325 2551 Iliad.
1346 2533 1374 2559 v,
1395 2527 1468 2561 130
1481 2513 1557 2562 sqq.
1574 2508 1708 2563 &Tyr-

395 2575 636 2625 765—771,
681 2580 717 2607 et
762 2567 882 2605 Ennio
923 2569 1018 2619 apud
1084 2576 1155 2603 taeo
1188 2566 1349 2616 expreffi.
1411 2564 1462 2601 cf.
1500 2564 1625 2602 Klotz.
1662 2566 1710 2602 ad

390 2624 564 2664 Macrob.
592 2622 664 2665 VI,
697 2636 734 2664 2,
762 2633 858 2656 nune
884 2634 903 2656 a
930 2621 1017 2657 Ma-
1085 2618 1273 2667 Tyrtaeum
1287 2630 1322 2666 p.
1338 2629 1382 2665 33
1403 2625 1438 2652 et
1459 2629 1499 2666 51
1523 2617 1598 2666 post
1617 2616 1709 2655 Cer-

393 2690 479 2715 rone
498 2676 548 2711 ita
580 2684 721 2718 ornata,
747 2681 784 2709 ut
803 2670 897 2707 nihil
916 2671 1018 2722 supra
1085 2670 1184 2707 dam.
1239 2668 1377 2705 Ennius
1392 2668 1467 2717 jam
1486 2677 1567 2704 ante
1579 2667 1710 2705 Maro-

392 2727 548 2778 cogitari
589 2726 702 2776 poffit.
776 2736 794 2771 3
802 2734 861 2774 59.
903 2724 1017 2761 obnixi
1082 2733 1192 2758 nem:
1224 2722 1288 2758 Pes
1301 2721 1384 2769 pede
1395 2725 1576 2770 premitur,
1605 2728 1709 2758 armis

391 2786 490 2818 wenti
521 2789 632 2821 comm
667 2782 801 2821 congia:
842 2782 882 2812 ut
922 2775 1015 2813 nihil
1080 2783 1235 2811 teruntur
1266 2787 1380 2817 arma,
1427 2780 1463 2808 et
1496 2772 1543 2808 A.
1582 2770 1709 2809 Furius

1579 2823 1710 2862 Antias

1080 2888 1106 2925 4
