1847 3313
361 283 478 331 AD
535 277 907 331 LIBRUM
961 275 1099 324 vm.
1300 275 1390 340 265

92 417 217 457 Halic.
236 418 270 461 1,
291 418 352 466 64.
369 417 432 467 65.
484 414 567 452 Nec
586 413 788 463 discrepant
805 409 935 460 Justin.
967 409 1116 453 XLIII,
1154 422 1166 446 1
1201 407 1246 451 f.,
1277 405 1394 443 Festus

90 475 131 514 in
148 490 227 515 voc.
249 476 403 526 Oscillum
420 487 464 511 ex
484 472 701 516 Cornificio,
729 481 763 507 et
780 469 924 507 Servius
941 481 987 506 ex
1004 468 1159 511 Catone,
1194 467 1237 503 ad
1258 465 1343 502 AEn.
1362 464 1398 509 Ι,

93 540 181 589 267.
208 537 282 582 IV,
318 540 404 575 620.
458 535 512 571 At
529 537 638 584 poeta
657 540 718 568 aut
747 529 907 567 diversos
925 529 1083 565 amotores
1102 527 1245 569 habuit,
1273 535 1334 562 aut
1351 537 1396 561 eo

90 596 249 635 fabulam
265 598 425 641 deflexit,
466 605 507 632 ut
527 592 734 631 Mezentius
748 604 769 628 a
787 590 857 627 suis
875 589 1016 627 civibus
1034 602 1145 639 regno
1167 588 1325 637 dejec'tus
1347 584 1396 623 ad

89 655 261 695 Turnum
277 656 488 706 confugeret
507 654 573 691 lib.
596 652 707 694 VIII,
733 653 809 702 489
827 650 910 700 sqq.

141 714 242 753 Inter
257 716 333 753 haec
351 714 545 751 tenendum
558 711 605 748 est
623 711 677 755 id,
706 709 744 746 in
764 721 836 759 quo
853 708 1015 759 plerique
1034 704 1280 748 consentiunt,
1314 705 1398 741 Me·

91 781 239 813 zentium
270 775 371 812 fuiffe
400 772 541 824 Agylla>
572 770 629 807 seu
662 771 913 807 Caeretanoram
944 780 1063 817 regem
1079 781 1090 810 3
1116 774 1155 801 ut
1182 764 1270 801 feliX
1287 767 1398 815 po'eta

89 834 199 871 etiam
210 834 247 871 in
259 835 326 871 hac
338 830 538 883 argumenti
552 838 650 880 parte
661 826 784 871 fuerit,
797 836 837 863 ut
850 825 1068 877 probabilia,
1083 837 1164 875 quae
1176 822 1395 873 sequeretur,

90 893 132 930 in
159 894 324 931 manibus
350 891 510 935 haberet,
545 901 619 925 non
649 887 683 924 ei
711 885 1014 924 comminiscenda
1040 885 1159 921 essent.
1213 882 1399 919 Convenit

89 952 187 990 enirn
216 952 288 992 hoc
315 965 397 989 cum
432 949 568 999 reliqua
594 946 822 984 historiarum
852 945 938 989 fide,
970 943 1107 995 primos
1139 942 1267 993 opibus
1302 941 1398 979 inter

93 1012 263 1051 Etruscos
280 1011 445 1054 floruisse,
475 1009 597 1046 saltem
618 1005 748 1044 exteris
762 1004 954 1042 innotuisse
973 1004 1175 1054 Agyllaeos,
1204 1000 1397 1038 maritimis

91 1070 223 1121 copiis,
265 1078 301 1105 et
334 1066 578 1118 navigationis
607 1063 850 1107 commerciis,
878 1063 1065 1114 insigniter
1095 1062 1230 1098 mustos.
1285 1061 1393 1098 Hanc

91 1130 206 1168 multos
210 1131 384 1178 florentem
400 1143 502 1165 annos
526 1125 679 1176 appellat
706 1123 814 1160 Maro
833 1122 944 1167 VIII,
976 1126 1066 1174 431.
1121 1120 1220 1157 Vide
1238 1119 1395 1170 Dionys.

91 1188 160 1227 lib.
178 1188 253 1232 III,
283 1188 344 1239 58.
382 1185 549 1224 Strabon.
571 1184 623 1227 V,
653 1196 738 1234 337.
791 1182 891 1220 Hinc
905 1195 1055 1232 ‚quoque
1073 1180 1212 1231 Agylla
1231 1194 1276 1217 ex
1294 1180 1396 1218 omni

91 1247 239 1285 Etruria
256 1257 326 1284 una
344 1255 428 1283 nota
453 1244 526 1281 fuit
545 1243 686 1280 Graecis
704 1255 715 1279 z
756 1251 792 1278 et
819 1241 1041 1291 Lycophron
1070 1255 1104 1277 v.
1146 1253 1213 1291 135
1223 1253 1242 1288 3
1281 1249 1397 1279 totam

91 1316 222 1345 terram
250 1305 295 1342 ab
325 1306 393 1342 hac
420 1302 511 1341 urbe
545 1302 718 1353 designat.
772 1299 887 1337 Fuere
921 1313 1030 1350 porro
1060 1298 1243 1336 Caeretani
1273 1311 1318 1336 ex
1352 1299 1399 1337 iis

91 1364 253 1403 Etruscis
279 1363 444 1407 urbibus,
471 1376 550 1414 quae
575 1360 721 1411 vestigia
740 1358 917 1409 Pelasgici
936 1359 1044 1396 moris
1059 1357 1214 1409 plurima
1236 1368 1272 1396 et
1288 1359 1398 1396 clari-

92 1441 157 1465 ora
186 1425 420 1463 retinuerant.
472 1423 599 1473 ltaque
626 1421 715 1457 bene
746 1420 812 1457 lib.
844 1418 957 1463 VIII,
991 1419 1078 1456 600.
1108 1418 1182 1456 602
1211 1420 1308 1468 apud
1335 1432 1397 1457 eos

92 1486 232 1537 Pelasgi
253 1496 380 1521 veteres
405 1481 544 1519 sacrum
562 1479 778 1517 constituiffe
796 1486 1039 1515 memorantur
1057 1477 1217 1522 Silvano,
1245 1482 1396 1529 antiquo

93 1544 251 1587 numini,
277 1543 375 1593 quod
392 1555 456 1591 pro
476 1540 571 1578 Pane
588 1549 649 1577 aut
666 1539 738 1576 alio
757 1537 862 1576 fimili
877 1536 1114 1575 adsciverant.

145 1603 243 1640 Illud
258 1615 341 1639 vero
359 1601 479 1639 mirari
500 1601 612 1643 soleo,
644 1600 740 1636 unde
756 1612 801 1636 ex
829 1598 898 1635 hoc
917 1596 1036 1648 prisco
1053 1605 1213 1647 tempore
1241 1611 1295 1635 res
1322 1608 1396 1639 tam

95 1663 207 1700 exiles
227 1672 264 1699 et
278 1673 403 1713 parum
423 1659 668 1697 memorabiles
695 1657 898 1708 acceperint
917 1666 1049 1693 veteres
1067 1655 1272 1705 scriptores,
1292 1659 1397 1707 quale

94 1723 165 1760 hoc
183 1723 245 1766 est,
272 1719 369 1772 quod
386 1719 522 1756 Plinius
536 1717 602 1755 lib.
624 1716 737 1760 XIV,
757 1718 783 1753 s.
808 1730 853 1764 14
871 1715 977 1752 habet
993 1727 1002 1751 :
1031 1716 1088 1752 Μ.
1107 1716 1218 1752 Varro
1230 1721 1397 1768 auc‘lorest

92 1785 314 1827 Mezentium,
340 1783 488 1818 Etruriae
505 1795 623 1831 regem,
641 1777 806 1815 auxilium
824 1776 961 1814 Rutulis
985 1787 1100 1814 contra
1114 1777 1254 1813 Latinos
1277 1778 1396 1829 tulffi,

93 1843 171 1882 vini
202 1841 379 1886 mercede,
405 1842 492 1892 quod
510 1852 579 1878 tum
604 1838 643 1876 in
674 1837 807 1875 Latino
837 1850 926 1887 agro
949 1838 1084 1887 suffit.
1138 1835 1266 1879 Varie,
1300 1839 1397 1877 utin

94 1913 193 1941 tanta
227 1915 346 1940 rerum
380 1899 606 1949 antiquitate,
649 1897 823 1934 traditum
853 1895 927 1932 fuit
957 1895 1026 1932 hoc
1053 1895 1166 1933 idem.
1220 1895 1320 1934 Nam
1347 1898 1396 1937 L,

94 1961 215 1999 Caesar
231 1970 266 1998 et
282 1960 330 1997 A.
349 1957 547 1996 Postumius
564 1956 666 2007 supra
685 1955 822 1992 laudati
840 1954 932 1991 inter
949 1954 1191 1997 conditiones,
1211 1955 1339 2004 quibus
1357 1957 1396 1995 in

93 2021 315 2058 deditionem
346 2018 507 2068 accipere
531 2017 639 2054 vellet
667 2016 817 2053 Latinos
836 2014 984 2051 Lavinii
1009 2013 1159 2051 obsessos
1178 2014 1396 2059 Mezentius,

96 2087 378 2119 memoraverant
395 2077 502 2120 hanc,
536 2087 574 2114 ut
588 2091 677 2113 omne
692 2082 811 2112 <vinum
829 2079 909 2126 agri
931 2075 1050 2110 Latini
1071 2072 1193 2124 aliquot
1216 2080 1315 2111 annis
1325 2074 1403 2124 fibi

94 2146 286 2192 irfi’rretur.
340 2138 391 2174 At
409 2135 559 2173 Ascanii
577 2135 729 2172 consilio
739 2144 775 2171 et
793 2134 1136 2171 auetoritate—vino
1153 2149 1195 2170 ex
1213 2140 1301 2171 omni
1314 2140 1396 2171 vin-

95 2202 203 2238 demia
221 2200 315 2250 Jovi
322 2197 452 2248 publice
468 2206 543 2234 voto
558 2199 800 2246 conficratoque
818 2194 942 2231 Latini
961 2193 1046 2230 urbe
1063 2203 1269 2243 eruperunt,
1300 2194 1398 2233 fuso-

91 2273 165 2311 que
182 2257 346 2310 praefidio
364 2254 621 2304 interfec‘toque
642 2253 774 2296 Lauso,
801 2252 1029 2290 Mezentium
1046 2252 1169 2302 fugam
1193 2253 1307 2290 facere
1323 2267 1398 2292 coe-

96 2329 238 2371 perunt.
293 2318 327 2354 Is
345 2317 463 2368 postea
479 2328 541 2365 per
558 2316 696 2365 legatos
714 2314 915 2351 amicitiam
942 2313 1220 2362 societatemque
1247 2313 1398 2352 Latino-

97 2393 178 2418 rum
211 2376 431 2430 impetravit.
484 2375 540 2412 Ita
574 2375 688 2412 vic'tor
723 2374 772 2411 O.
811 2373 862 2410 G.
894 2373 943 2411 R.
987 2387 1029 2425 ¹5
1070 2382 1106 2408 ct
1137 2372 1267 2409 sunilia
1301 2375 1398 2424 apud

98 2440 252 2491 Dionys.
272 2438 306 2482 I,
325 2438 389 2489 65.
441 2436 561 2473 Etiam
579 2435 762 2472 Plutarch.
787 2435 861 2485 Q.
883 2433 992 2470 Rom.
1013 2446 1049 2482 p.
1079 2446 1150 2483 ²75
1181 2432 1231 2469 D.
1256 2434 1313 2470 ed.
1334 2434 1396 2473 Fr.

97 2500 151 2539 rei
169 2509 351 2549 tamquam
369 2496 480 2546 vulgo
491 2503 640 2530 narratae
654 2492 835 2536 meminit,
854 2491 914 2528 sed
932 2491 978 2528 fic
998 2502 1036 2527 ut
1051 2491 1096 2527 ad
1115 2491 1265 2528 AEneam
1285 2493 1398 2529 trans..

98 2560 204 2603 ferat,
221 2572 301 2610 quae
317 2556 381 2595 alii
397 2556 442 2593 de
461 2552 617 2591 Ascanio
636 2561 834 2589 narrarunt.
879 2552 1014 2602 Rzssica
1031 2551 1167 2587 vinalia
1185 2563 1205 2587 a
1224 2550 1403 2589 Romani!

96 2621 138 2659 in
154 2620 259 2670 hujus
276 2617 327 2655 rei
355 2613 563 2653 memoriam
587 2612 684 2662 (XII
715 2611 801 2650 Kal.
820 2611 931 2659 Maii)
959 2610 1060 2648 fuisse
1082 2609 1253 2647 'instituta
1281 2610 1400 2649 Festus

95 2678 253 2722 notavit,
278 2679 388 2713 Anna
408 2673 517 2712 Fabri
542 2672 587 2708 ad
605 2684 637 2708 e,
666 2671 691 2708 l.
724 2670 945 2708 observante.
1001 2668 1094 2720 Qae
1113 2681 1165 2704 res
1182 2667 1304 2705 saltem
1327 2671 1399 2709 hoc

97 2740 220 2785 docet,
252 2736 434 2793 antiquam
450 2732 532 2773 satis
553 2742 589 2772 et
613 2743 635 2771 a
662 2729 858 2785 majoribus
885 2737 1067 2780 acceptam
1093 2727 1167 2778 ejus
1194 2729 1247 2766 rei
1265 2726 1400 2766 famam

1302 2787 1400 2843 apud
