1847 3313
428 289 536 337 AD
593 283 934 335 LIBRUM
988 281 1102 329 vn.
1328 292 1422 342 135

115 419 215 459 fuiffe
230 420 390 462 videtur,
418 433 502 457 nam
519 419 665 456 alveum
685 414 815 453 habuit
847 413 1009 451 ulvosum
1031 423 1067 450 et
1087 409 1274 449 limosum:
1306 405 1423 445 Ovid-

114 481 209 519 XIV
230 483 328 519 Met.
358 483 443 531 598.
467 493 540 530 599
560 479 673 515 Litlm·
706 479 783 513 adit
802 476 981 512 Laurens:
1025 472 1085 510 ubi
1120 477 1224 508 tecJur
1254 470 1423 507 arundine

99 545 216 592 serpit
235 542 390 592 Infisseta
410 542 581 589 flumineis
608 540 731 574 vicina
751 537 923 572 Numicius
941 535 1061 572 undis:
1103 542 1138 568 et
1158 543 1196 567 v.
1218 529 1288 567 601
1319 530 1426 565 tacito

110 603 207 649 cursu
220 600 265 636 de
281 599 425 637 eodem.

167 660 281 697 Haud
297 661 406 710 longe
428 672 448 695 a
463 656 631 695 Numicii
651 655 767 696 fonte,
795 666 863 690 nec
888 652 953 689 nisi
967 651 1023 689 VI
1044 651 1089 688 M
1117 649 1280 700 paffuum
1308 646 1425 684 inter-

116 720 228 758 vallo.
259 721 426 769 Juturnae
456 718 525 756 fuit
543 717 636 754 lacus
653 729 690 753 et
710 713 839 752 fluvius
865 723 902 750 et
920 713 1024 749 fons:
1072 723 1181 761 quem
1214 722 1260 746 ex
1291 705 1426 744 montis

117 779 258 817 Albani
286 779 484 820 radicibus,
514 788 625 826 utque
645 774 875 825 perhibetur,
903 786 948 809 ex
981 770 1135 808 occultis
1165 770 1266 805 lacus
1288 764 1426 803 Albani

115 838 313 881 meatibus,
341 837 584 888 prodeuntem
601 835 638 871 in
653 832 887 871 occidentem
903 831 1003 873 ferri,
1032 843 1117 867 mox
1132 829 1169 866 in
1183 828 1305 865 lacum
1326 823 1425 863 haud

116 911 293 949 magnum
319 895 488 938 diffundi,
519 894 604 932 inde
634 894 671 930 in
705 890 875 928 Tiberim
900 889 1036 926 deferri
1066 889 1174 938 eique
1194 888 1230 925 V
1252 885 1427 923 milliario

119 958 166 995 ab
186 958 302 1000 Ostia,
331 956 407 994 VII
428 955 474 993 ab
507 955 595 992 urbe
626 954 761 994 Roma,
789 950 930 988 misceri
949 950 1097 987 tradunt
1122 949 1276 986 Cluver.
1295 961 1332 997 p.
1350 959 1425 995 722

120 1028 159 1055 et
190 1017 274 1054 inde
294 1016 452 1068 Vulpius
482 1014 566 1051 Lat.
597 1023 672 1050 ant.
694 1013 806 1048 Tom.
824 1010 897 1053 VI,
924 1023 960 1060 p.
979 1022 1066 1060 ²25·
1122 1008 1202 1044 Effe
1234 1006 1269 1043 ei
1295 1019 1429 1043 nomen

117 1090 212 1115 nunc
232 1075 395 1129 Tregli03
421 1075 543 1113 lacum
562 1083 702 1114 tamen,
732 1081 816 1107 ante
831 1078 980 1106 centum
1001 1077 1038 1104 et
1053 1067 1152 1117 quod
1178 1065 1344 1113 excurrit
1363 1077 1428 1101 an-

120 1148 202 1178 nOS,
230 1136 306 1172 fere
327 1145 446 1172 totum
459 1132 635 1170 exaruisse
654 1131 715 1168 hie
727 1129 826 1166 idem
841 1129 990 1165 testatur
1008 1127 1085 1163 To.
1102 1126 1154 1168 V,
1182 1139 1218 1176 p.
1236 1127 1309 1162 218
1334 1126 1431 1175 (quo

118 1204 241 1232 tamen
258 1195 341 1232 loco
361 1195 525 1244 Juturnae
559 1192 680 1228 lacurn
714 1202 799 1227 curn
834 1188 950 1225 altero
983 1186 1046 1223 illo
1078 1184 1289 1227 confundit,
1318 1198 1429 1235 quem

116 1257 230 1306 poeta
243 1255 307 1292 lib.
325 1254 420 1297 XII,
437 1267 507 1304 745
532 1251 751 1298 memorat).
808 1250 1017 1297 Juturnam,
1046 1247 1280 1296 Nympham,
1308 1244 1430 1283 Turni

118 1314 294 1357 sororem,
324 1313 489 1364 adeoque
502 1311 627 1349 Dauni
643 1311 753 1348 filiam
772 1308 887 1359 (unde
903 1307 991 1349 XII,
1020 1310 1091 1357 785
1111 1307 1254 1343 Daunia
1266 1308 1329 1342 dea
1342 1307 1407 1353 est)
1419 1335 1431 1350 ‚

120 1373 239 1411 edidit
258 1375 371 1411 Maro
387 1374 504 1411 noster
522 1386 530 1409 :
560 1386 606 1408 an
626 1380 750 1407 vetere
770 1368 999 1410 mensiune,
1015 1380 1088 1404 non
1104 1366 1266 1409 constat3
1296 1377 1430 1416 argute

118 1444 242 1471 tamen
261 1433 318 1471 seu
338 1433 510 1471 inveniffe
529 1431 588 1469 seu
605 1431 782 1480 usurpasse
811 1427 986 1465 dicendus
1009 1427 1070 1464 est.
1128 1425 1257 1464 Fontis
1276 1425 1374 1463 enirn
1391 1425 1430 1463 in

121 1494 247 1534 iisdem
266 1493 354 1531 locis
372 1494 436 1530 situ
451 1506 584 1529 numen
604 1504 730 1530 curare
758 1490 954 1540 populares
973 1488 1053 1525 suos
1075 1496 1111 1524 et
1136 1485 1233 1523 tueri
1258 1485 1430 1523 adversus

120 1553 280 1591 advenas
309 1555 405 1590 redste
435 1552 552 1589 videri
585 1560 743 1602 poterat.
801 1548 926 1586 Etiam
962 1548 1031 1584 hoc
1062 1547 1108 1584 ad
1136 1546 1302 1583 locorum
1323 1546 1430 1583 situm

120 1617 270 1666 speffi'tat,
299 1614 398 1665 quod
422 1614 518 1664 juno
538 1627 620 1651 cum
643 1613 799 1663 Juturna
825 1612 948 1648 adura
979 1609 1020 1646 in
1051 1609 1238 1646 Albanum
1264 1618 1430 1646 montem

121 1675 310 1713 descendit
329 1675 392 1711 lib.
411 1673 500 1715 XII,
518 1686 530 1710 1
543 1686 590 1723 34
610 1673 658 1709 At
676 1672 772 1721 June
802 1673 964 1720 esummo.
1021 1669 1139 1706 Fuisse
1167 1670 1331 1718 Juturnae
1363 1681 1431 1705 no-

122 1735 221 1773 mine
254 1735 362 1771 deam
394 1732 493 1771 Latii
525 1732 755 1781 indigenam,
784 1739 822 1767 et
848 1729 997 1779 quidem
1027 1728 1137 1766 fontis
1167 1742 1317 1771 numen,
1345 1728 1430 1766 satis

122 1796 273 1832 constat.
330 1794 535 1844 Argutatus
551 1792 599 1828 est
619 1791 656 1828 in
675 1790 822 1828 nomine
838 1789 917 1838 jam
936 1790 1059 1826 Varro
1080 1789 1165 1826 LL.
1186 1788 1260 1831 IV,
1294 1800 1338 1825 10
1359 1789 1430 1826 effe

118 1854 265 1892 duetum
282 1853 494 1902 ajuvando‚
514 1851 659 1901 ejusque
678 1851 817 1888 fontem
832 1849 958 1887 haberi
972 1848 1260 1886 saluberrimum.
1318 1847 1431 1897 Adji-

120 1915 219 1954 ciunt
239 1914 309 1952 alia
328 1922 537 1951 commenta
551 1910 697 1948 Servius
719 1910 764 1948 ad
784 1909 878 1952 XII,
913 1921 985 1959 139
1003 1919 1039 1946 et
1065 1908 1140 1946 alii.
1200 1907 1285 1945 Fuit
1305 1916 1429 1946 tamen

121 1976 249 2014 Romae
264 1986 409 2024 quoque
427 1972 594 2021 Juturnae
613 1970 703 2008 lacus
722 1973 848 2021 etfons
863 1984 876 2006 :
908 1968 995 2005 vide
1013 1982 1051 2005 v.
1075 1981 1109 2005 c.
1139 1967 1258 2005 Ovid.
1279 1968 1374 2004 Fast.
1396 1968 1431 2011 I,

123 2039 197 2087 708
219 2035 320 2086 seqq.
341 2044 378 2072 et
391 2034 469 2085 post
488 2033 576 2070 alios
596 2032 775 2082 Vulpium
802 2031 892 2069 Vet.
923 2031 1010 2067 Lat.
1038 2028 1154 2066 Tom.
1175 2029 1208 2072 I,
1236 2041 1326 2080 pag.
1352 2029 1428 2079 346

125 2096 176 2146 sq.
193 2111 204 2139 ;
231 2095 355 2144 itaque
371 2104 409 2131 et
427 2091 640 2142 Juturnalia
659 2092 798 2129 festum.
856 2090 1030 2127 Fontium
1050 2089 1200 2129 omnino
1225 2089 1430 2140 nympham

123 2156 233 2193 edere
254 2155 404 2192 voluisse
418 2153 538 2190 videri
556 2154 670 2202 potest
690 2151 870 2203 Virgilius
893 2150 982 2194 XII,
1017 2163 1100 2201 139.
1134 2163 1219 2200 ¹40·
1273 2150 1430 2188 Diva-

109 2221 249 2269 stagnis
269 2233 342 2268 quae
348 2215 604 2266 fluminibusque
609 2219 739 2265 sonoris
760 2215 926 2264 I'raefidct
949 2223 984 2249 et
1004 2226 1041 2250 V.
1074 2225 1144 2262 142
1161 2213 1318 2262 vamphcz
1336 2215 1432 2251 decus

111 2280 306 2328 fluviorum
323 2291 336 2313 .·
369 2275 455 2318 Sed,
483 2284 670 2325 tamquam
691 2279 816 2325 poeta,
845 2287 961 2324 genus
976 2285 1044 2323 pro
1063 2272 1259 2310 individuo
1279 2272 1430 2324 posuisse

125 2336 241 2375 videri
259 2335 384 2376 debet,
413 2345 450 2372 et
473 2345 685 2372 ornamenta
704 2333 883 2383 adjecisse.
938 2333 1086 2370 ornans
1120 2346 1268 2383 quoque
1288 2332 1433 2383 epithe-

124 2398 353 2444 tonstmoris3
383 2407 450 2430 nec
470 2394 541 2431 alia
560 2394 614 2430 vis
634 2393 740 2431 ineffe
768 2391 948 2443 putanda.
1003 2392 1163 2429 Ornavit
1187 2406 1300 2443 porro
1332 2392 1431 2430 idem

126 2454 289 2492 fabulam
310 2453 355 2490 de
374 2454 540 2503 nympha
569 2466 590 2489 a
610 2453 700 2502 Jove
733 2462 854 2504 ainata
879 2450 971 2488 ibid.
1006 2463 1077 2500 140
1110 2451 1205 2502 sqq„
1233 2465 1343 2502 quam
1370 2452 1434 2489 suo

126 2527 228 2553 more
243 2512 410 2564 exposuit
429 2512 545 2549 Ovid.
569 2512 661 2549 Fast.
678 2511 729 2554 II,
745 2514 814 2563 585
835 2511 937 2561 seqq.
992 2511 1079 2548 Alia
1090 2511 1257 2549 Numicii
1273 2512 1305 2548 fl.
1325 2525 1434 2560 nym-

127 2574 200 2625 pha
221 2572 288 2610 fuit
308 2573 409 2609 Anna
428 2582 592 2622 perenna,
622 2584 752 2622 parum
770 2571 892 2622 lepide
915 2570 960 2608 de
990 2570 1152 2608 Didonis
1181 2571 1302 2609 sorore
1320 2571 1433 2608 Inter-

127 2642 269 2685 pretata
290 2646 311 2670 a
326 2632 445 2682 poe'tis
459 2631 648 2669 Romanis.

185 2693 246 2732 Ab
263 2692 319 2730 his
338 2693 422 2730 inde
446 2692 537 2732 locis
569 2691 683 2744 surgit
715 2704 864 2742 campus
889 2692 926 2730 in
946 2691 1098 2735 clivum,
1127 2690 1190 2741 qui
1211 2691 1255 2728 ad
1273 2701 1437 2729 montem

131 2751 315 2791 Albanum
347 2750 464 2795 ducit,
492 2751 528 2788 in
561 2763 635 2802 quo
656 2751 767 2789 XXX
793 2763 814 2787 a
845 2749 1004 2788 Lavinio
1032 2749 1134 2787 annis
1153 2750 1302 2787 condita
1321 2751 1369 2787 est
1389 2751 1436 2787 ab

132 2812 289 2853 Ascanio
303 2811 397 2851 Alba
417 2812 560 2864 Longa:
591 2825 671 2864 quae
692 2824 747 2850 res
766 2812 904 2850 ostento
923 2810 992 2850 suis
1014 2811 1104 2849 albae
1125 2809 1204 2861 jam
1223 2810 1347 2847 AEneae
1368 2809 1437 2846 fuit

414 2881 442 2902 θ
1239 2868 1440 2922 fignificata
