1847 3313
422 292 831 352 AENEIDos,
883 293 1034 346 LIB.
1081 293 1196 347 vn.
1357 315 1421 366 45

110 420 224 473 Hoc
248 433 382 486 pater
404 418 639 468 Anchises
660 433 774 465 auro
797 416 978 464 libabat
998 416 1059 464 ad
1080 431 1180 463 aras
1197 438 1212 471 ς
1327 430 1416 481 243

108 517 223 567 Hoc
248 517 424 565 Priami
445 516 683 580 gestamen
717 526 829 571 erat,
852 531 1002 577 quum
1016 512 1126 578 jura
1145 513 1325 561 vocatis

108 606 253 656 More
269 607 399 655 daret
421 604 609 669 populis
625 628 637 660 ;
662 603 1012 668 sceptrumque,
1031 603 1251 668 sacerque
1267 604 1423 663 tiaras,

108 694 410 760 Iliadumque
433 695 565 742 labor
583 694 747 742 vestes.

173 789 374 837 Talibus
400 787 569 835 Ilionei
591 785 731 833 dietis
754 785 909 832 defixa
934 784 1132 835 Latinus

108 877 296 925 Obtutu
320 887 448 922 tenet
469 890 564 930 ora,
587 872 780 934 soloque
800 871 1044 919 inmobilis
1067 873 1233 932 haeret,
1328 890 1424 942 250

106 967 319 1014 Intentos
341 964 530 1012 volvens
552 963 731 1011 oculos.
799 963 848 1010 N
852 978 904 1009 ec
926 979 1138 1027 purpura
1159 980 1325 1029 regem

108 1055 241 1104 Picta
256 1067 432 1112 movet,
449 1070 535 1102 nec
554 1054 739 1117 sceptra
755 1066 950 1101 movent
967 1053 1199 1104 Priameia
1217 1068 1423 1117 tantum,

109 1148 359 1212 Qiantum
381 1147 430 1193 in
452 1146 694 1194 connubio
715 1158 841 1193 natae
861 1145 1166 1211 thalamoque
1185 1161 1425 1208 moratum

110 1239 175 1287 Et
198 1237 365 1286 veteris
383 1236 531 1284 Fauni
553 1236 705 1284 volvit
727 1236 812 1285 sub
834 1238 1026 1301 peetore
1047 1238 1235 1289 sortem.

153 1363 230 1394 245.
254 1356 322 1386 Huc
336 1361 414 1385 tert.
435 1352 593 1385 Rottend.
611 1353 753 1385 adamas
770 1353 910 1395 Menag.
929 1363 979 1395 pr.
1004 1360 1037 1385 et
1064 1353 1125 1388 sec.
1152 1354 1253 1389 Goth.

1346 1365 1422 1399 247.

109 1399 224 1439 Paullo
241 1405 372 1436 calidior
388 1405 459 1447 quis
472 1404 651 1445 conjecotare
666 1403 759 1447 poffit
775 1414 783 1435 ε
808 1406 870 1435 Hoc
885 1406 997 1436 Priami
1009 1406 1146 1448 gestamen
1161 1407 1400 1452 erat—steptrum
1412 1423 1425 1450 ς

109 1458 298 1503 ‚Asturae-ique
322 1459 435 1494 tiara53
457 1456 636 1500 Iliadumque
658 1456 738 1487 labor
757 1456 856 1498 vestes.
882 1455 922 1487 cf.
943 1457 1076 1489 Notum.

109 1516 189 1552 quot
205 1509 545 1546 Burmann.——250.
565 1508 671 1539 obtuitu
690 1508 800 1539 Franc.
819 1514 851 1539 et
867 1509 946 1539 Ven.

111 1566 141 1595 in
155 1559 287 1591 connubia
303 1560 334 1589 V
336 1569 385 1591 en.

1167 1457 1242 1495 248.
1265 1460 1348 1502 vistis
1365 1461 1425 1492 ali<

1041 1517 1114 1548 253.
1139 1510 1168 1540 in
1188 1509 1273 1541 deest
1292 1511 1423 1545 Zulich‚

477 1567 548 1597 254.
571 1559 694 1589 volvens
718 1568 736 1588 a
751 1568 802 1600 pr.
815 1568 860 1591 m.
879 1558 997 1600 fragm.
1015 1559 1121 1591 vatic.
1148 1566 1181 1591 et
1197 1559 1317 1603 aliquot
1335 1563 1422 1596 Pier,

111 1620 148 1643 ut
163 1611 203 1642 ad
218 1613 260 1642 ait
276 1610 478 1641 continuetur
493 1609 610 1643 oratio.
652 1610 750 1641 volvit
765 1611 861 1649 Fauni*
871 1619 918 1652 pr.
939 1612 1058 1642 Moret.

113 1686 206 1725 Var.
237 1687 336 1725 Len.
368 1687 476 1725 Dona
505 1687 737 1725 commendat

109 1738 242 1776 iterum
275 1752 296 1775 a
329 1738 501 1789 personis,
539 1739 639 1790 quod
669 1738 737 1776 ali-

112 1790 153 1828 bi
195 1790 352 1829 vidimus
405 1795 551 1841 poetam
593 1791 736 1828 decere.

111 1843 163 1880 cf.
198 1843 232 1886 I,
261 1843 333 1894 647
369 1841 447 1892 sqq.
500 1855 590 1893 245.
623 1852 737 1879 crate-

111 1904 186 1932 rem
239 1895 296 1932 vel
348 1903 506 1944 pateram
561 1893 736 1944 defignat.

113 1943 302 1984 Virtutem
335 1945 443 1983 habet
475 1944 610 1991 oratio,
637 1944 737 1996 quod

113 2006 298 2048 tamquam
342 1996 542 2035 dramatice
583 2010 637 2034 res
682 2009 736 2034 re-

111 2050 357 2101 praesentatur,
402 2062 475 2085 non
520 2050 614 2087 faeta
656 2061 736 2086 nar-

114 2111 227 2139 ratur.
296 2102 368 2139 Hoc
408 2101 546 2138 Priami
569 2103 738 2152 gssamen

111 2165 310 2191 erat:cum
337 2151 395 2189 his
417 2151 535 2190 verbis
559 2153 737 2203 sceptrum

111 2206 252 2242 tradere
264 2203 440 2254 putandus
456 2204 518 2249 est,
537 2205 636 2255 quod
651 2216 734 2255 pro-

114 2256 193 2306 prie
213 2255 307 2293 inter
330 2255 525 2305 gestamina
550 2256 619 2302 est3
647 2269 734 2293 nam

114 2306 278 2345 Servium
334 2306 501 2344 diadema
556 2307 733 2358 interpre-

113 2367 247 2396 tantem
262 2358 341 2409 quis
352 2358 500 2397 audiat?
517 2371 600 2396 mox
616 2368 735 2396 tamen

115 2410 282 2460 adjunxit
301 2409 386 2454 alia,
405 2423 485 2461 quae
498 2411 643 2461 proprie
659 2409 736 2461 ges-

115 2461 186 2499 tari
213 2475 285 2499 non
315 2462 503 2505 dicuntur,
537 2462 596 2499 sed
609 2470 739 2500 ornant

113 2518 250 2558 tamen,
272 2519 399 2552 tiaram
425 2523 461 2550 et
483 2516 587 2563 vestes
615 2513 740 2562 pifias.

113 2564 300 2614 Summam
310 2564 544 2602 subtilitatem
561 2564 600 2602 in
618 2565 674 2602 his
688 2564 739 2602 se-

114 2615 181 2666 qui
207 2618 315 2667 po'e‘ta
346 2616 476 2655 noluit.
516 2619 609 2668 jura
636 2618 671 2655 d.
700 2629 737 2654 V.

114 2668 193 2718 sup.
213 2668 246 2712 I,
280 2681 367 2720 507.
419 2668 482 2717 Jus
510 2668 631 2706 dicere
649 2681 739 2719 prae-

116 2730 265 2769 cipuum
286 2732 411 2757 munus
437 2731 595 2757 veterum
614 2732 739 2769 regum

115 2769 219 2807 fuisse
237 2781 362 2809 notum
372 2771 418 2808 est
434 2787 444 2817 ;
464 2771 587 2821 itaque
604 2771 649 2808 ab
668 2772 739 2808 hoc

118 2833 264 2859 munere
291 2834 414 2860 eorum
430 2821 590 2873 dignitas
618 2821 740 2860 decla-

119 2874 192 2914 rari
223 2873 323 2915 solet.
378 2874 511 2914 Sedent
539 2883 657 2915 autem
682 2875 744 2928 jus

799 1686 934 1725 dicturi
952 1701 1035 1724 cum
1066 1687 1219 1738 sceptro.
1272 1688 1335 1726 Ad
1353 1689 1425 1728 hor:

797 1738 1049 1776 illustrandum
1074 1739 1243 1778 Guellius
1260 1740 1425 1779 laudavit

799 1791 975 1842 Apollon.
1010 1790 1098 1840 (IV,
1134 1792 1253 1842 1177)
1283 1802 1319 1829 et
1338 1793 1425 1831 Pin-

797 1843 926 1879 darum
961 1843 1088 1891 (Pyth.
1116 1842 1191 1887 IV,
1221 1855 1295 1894 270
1313 1843 1428 1895 sqq.),

800 1894 859 1931 sed
879 1907 930 1931 res
947 1907 993 1933 ex
1013 1894 1178 1933 Homero
1196 1893 1279 1932 satis
1294 1894 1421 1935 obvim

800 1953 907 1984 tiaras
923 1944 1133 1996 improprie,
1160 1959 1288 1997 nempe
1307 1947 1425 1998 Phry<-

800 2011 889 2049 gum
918 1996 1049 2048 pileus,
1081 2012 1191 2049 quem
1220 1998 1301 2034 aliis
1321 1999 1426 2042 ‚loeis

801 2056 936 2087 mitram
952 2048 1048 2086 dixit
1064 2063 1074 2094 3
1094 2063 1127 2088 v.
1143 2049 1220 2101 sup.
1234 2050 1307 2096 IV,
1330 2053 1423 2096 216,

797 2101 852 2139 ibi
867 2114 903 2138 v.
931 2101 982 2138 cf.
1004 2100 1072 2139 inf.
1096 2101 1173 2145 IX,
1191 2102 1280 2141 616.
1320 2105 1426 2151 sacer

798 2162 938 2190 tantum
950 2152 995 2190 ad
1011 2153 1275 2191 venerationem
1288 2153 1424 2194 Priami

799 2205 917 2242 valere
952 2204 1109 2247 videtur,
1148 2215 1189 2242 ut
1230 2207 1423 2255 augustum

799 2256 972 2307 fignificet
1000 2267 1180 2294 ornatum.
1234 2258 1341 2308 Vestes
1359 2272 1426 2297 au-

797 2317 870 2345 tem
894 2307 975 2346 sunt
995 2301 1158 2359 Phrygiae
1175 2307 1285 2359 vulgo
1300 2310 1427 2355 (HQ,

799 2372 820 2396 a
846 2358 1018 2409 'I'roj‘anis
1035 2359 1242 2397 mulieribus
1261 2373 1327 2398 acu
1343 2362 1425 2412 pico

798 2420 861 2457 tae,
895 2414 980 2461 ἔργα
1014 2416 1182 2459 «γυναικῶν.
1235 2411 1331 2449 Mox
1362 2426 1425 2451 ead

800 2463 884 2501 dem
894 2474 1049 2514 prarpura
1058 2470 1165 2513 pista.

853 2517 1074 2567 249—258.
1101 2515 1143 2553 ln
1173 2513 1299 2565 primo
1321 2516 1425 2555 versu

802 2565 913 2604 Iliad.
946 2584 986 2613 ey,
1009 2580 1099 2618 217,
1115 2567 1162 2606 de
1176 2566 1300 2615 Ulysse
1316 2569 1426 2606 verba

803 2617 972 2662 faciente,
1016 2619 1210 2669 expressum
1252 2619 1319 2656 effe
1361 2633 1425 2658 vo«

805 2669 907 2715 lunt3
934 2669 1042 2708 nimis
1069 2670 1189 2708 dofle.
1244 2670 1426 2709 Commu-

803 2721 859 2758 nis
884 2721 915 2759 is
944 2722 992 2759 est
1015 2721 1087 2759 oris
1116 2720 1259 2758 habitus
1280 2734 1425 2769 eorum,

804 2772 870 2823 qui
899 2773 990 2810 stant
1020 2773 1077 2811 vel
1126 2772 1248 2810 sedent
1285 2773 1426 2825 cogitn-

804 2822 935 2862 bandi.
989 2824 1048 2862 Ita
1079 2823 1147 2862 inf.
1182 2837 1220 2862 v,
1254 2838 1344 2875 29¹·
1373 2826 1427 2864 cf..

804 2873 881 2928 sup.
894 2875 930 2921 I,
944 2877 1030 2917 226.
1050 2878 1137 2917 228.
1190 2877 1431 2927 Faunzstrtem

1357 2929 1434 2980 sup,
