1847 3313
400 218 498 265 610
595 217 648 264 P.
687 215 1072 265 VIRGILII
1131 218 1530 272 MARONIS

400 345 517 393 Sunt
540 347 646 395 aliae
668 349 884 410 innuptae
905 348 1045 395 Latio
1069 361 1114 395 et
1137 348 1450 401 Laurentibus
1468 354 1610 421 agris,

1028 439 1136 487 Sine
1161 456 1239 487 me
1260 442 1363 490 haec
1394 443 1520 493 haud
1546 446 1712 495 mollia

595 528 694 576 fatu
1651 552 1708 601 25

401 436 451 482 N
455 453 505 484 ec
528 454 676 501 genus
697 439 956 487 indecores„

401 617 604 666 Sublatis
627 621 808 683 aperire
829 622 952 671 dolis
970 646 983 679 ;
1019 623 1156 671 simul
1179 625 1268 672 hoc
1292 624 1456 672 animo
1476 627 1626 675 hauri.

402 706 491 755 Me
513 723 672 759 natam
695 713 815 761 nulli
840 728 1052 763 veterum
1076 716 1248 764 sociare
1276 734 1534 780 procorum

402 797 489 845 Fas
513 813 625 859 erat,
659 802 805 866 idque
825 821 987 854 omnes
1011 806 1208 870 divique
1235 807 1547 872 hominesque
1575 823 1716 858 cane-

596 894 724 942 bant.

405 981 564 1028 vietus
584 1000 745 1031 amore
770 985 853 1042 tui,
879 999 1085 1049 cognato
1107 985 1331 1049 sanguine
1354 989 1521 1048 vietus,

406 1075 636 1140 Conjugis
658 1089 704 1123 et
725 1078 902 1124 11]aestae
927 1078 1150 1136 lacrimiS,
1176 1081 1332 1127 vincla
1355 1083 1516 1129 omnia
1540 1085 1675 1147 rupi:

402 1166 683 1215 Promissam
708 1168 861 1232 eripui
884 1186 1083 1233 genero3
1120 1188 1248 1218 arma
1274 1172 1404 1236 inpia
1427 1174 1583 1223 sumsi.
1651 1193 1706 1240 31

403 1320 478 1351 dem
495 1331 531 1352 ex
547 1323 641 1354 tertia
661 1324 806 1366 persona,
821 1325 977 1368 loquitur:
1009 1335 1063 1358 aut
1082 1328 1187 1370 itaque
1204 1329 1284 1361 illud
1301 1327 1492 1372 ejiciendum
1508 1331 1611 1363 censet
1633 1338 1717 1364 tam-

401 1383 498 1414 quam
515 1373 641 1405 aliunde
666 1375 806 1414 illatum,
831 1385 886 1408 ant
912 1378 1084 1420 legendum
1104 1383 1170 1411 auri
1193 1385 1361 1424 argentique
1376 1383 1493 1414 talenta.
1538 1383 1588 1413 De
1605 1383 1718 1424 opibus

403 1431 512 1456 tamen
537 1428 638 1458 Turni
664 1429 769 1460 minus
794 1428 876 1461 bene
900 1438 1069 1472 ageretur:
1103 1443 1239 1473 quarum
1267 1433 1318 1464 hic
1342 1433 1447 1464 nullus
1468 1434 1627 1476 respestus
1656 1435 1728 1467 effe'

402 1477 519 1519 potuit.
564 1478 692 1510 Haefiffe
719 1491 845 1521 quoque
867 1481 899 1512 in
918 1482 978 1513 hoc
998 1482 1068 1513 loco
1084 1484 1133 1524 JO-
1154 1483 1365 1515 Schraderum
1391 1484 1505 1515 video:
1532 1486 1586 1527 qui
1604 1493 1634 1518 et
1651 1487 1715 1528 ipse

402 1528 601 1568 expediabat,
628 1539 663 1562 ut
679 1531 718 1562 de
733 1532 847 1563 Turno
864 1534 966 1565 oratio
995 1535 1247 1573 continuaretur,
1274 1537 1348 1578 qnia
1377 1538 1453 1568 Sunt
1475 1538 1527 1568 tibi
1550 1539 1715 1579 praecedit,

402 1578 463 1609 Sed
479 1579 561 1610 conf.
588 1581 813 1618 Not.——-—24.
838 1584 1030 1615 Laurentibus
1055 1588 1139 1616 arvis
1166 1586 1304 1624 Medic„
1326 1587 1413 1628 quod
1436 1587 1542 1619 Heius.
1567 1588 1712 1623 illustrat.

403 1639 544 1670 -—-——25.
568 1632 631 1662 haec
646 1631 730 1663 abest
755 1633 856 1664 tribus
881 1635 988 1667 Heius.
1009 1642 1041 1666 et
1056 1636 1116 1668 Ed.
1145 1637 1228 1668 Ven.
1255 1637 1370 1669 Burnh
1413 1639 1492 1669 haud
1505 1641 1568 1670 ha’c
1583 1647 1647 1671 tres
1666 1641 1719 1672 alii

402 1684 514 1714 Burm.
561 1697 603 1715 me
626 1686 734 1717 deerat
754 1688 864 1718 Franc.
899 1689 975 1730 fata
1002 1692 1083 1720 Ven.
1110 1691 1175 1721 Erf.
1213 1691 1294 1733 satis
1311 1691 1390 1722 alter
1417 1693 1551 1726 Mentel.
1581 1700 1612 1724 et
1634 1705 1650 1724 a
1668 1705 1713 1727 m.

401 1734 460 1767 sec.
487 1734 610 1767 Zulich.
703 1736 754 1767 26.
779 1739 829 1768 hoc
856 1739 995 1780 reposuit
1014 1739 1125 1770 Heins.
1157 1752 1173 1771 e
1199 1741 1315 1772 Medic.
1333 1741 1474 1783 aliisque.
1520 1743 1628 1786 Vulgo
1644 1745 1722 1783 haec,

402 1787 491 1827 quod
510 1787 608 1818 modo
633 1788 841 1828 praecefferat.
885 1793 973 1821 animo
989 1792 1052 1822 haec
1063 1793 1156 1833 stmul
1169 1793 1228 1823 Ed.
1247 1804 1294 1835 pr.
1314 1795 1422 1824 Burm.

401 1838 475 1870 nulli
489 1848 506 1869 e
523 1840 592 1870 MS.
612 1839 795 1870 Bersmanni
807 1839 934 1871 refinxit
952 1842 1114 1884 Cuningh.

401 1891 522 1934 divique
548 1890 649 1922 Goth.
676 1901 726 1932 pr.
819 1900 870 1930 31.
889 1904 1043 1936 generoque
1068 1893 1119 1924 vel
1143 1902 1245 1937 genero
1271 1905 1368 1938 atque,
1392 1896 1578 1939 interposito
1604 1899 1720 1939 fulcro,

402 1951 522 1984 magna
535 1942 626 1973 codd.
638 1949 670 1973 et
686 1942 756 1974 edd.
773 1953 863 1985 pars·r
883 1943 971 1975 re=ste
987 1943 1110 1976 sustulit
1126 1946 1225 1984 Pier.,
1243 1953 1314 1976 tum
1329 1946 1436 1978 Heius.

1495 1808 1498 1809 ⁷
1514 1805 1564 1834 27.
1590 1806 1718 1828 veterum

1205 1843 1257 1875 28.
1285 1846 1339 1875 erit
1354 1846 1429 1876 Exc.
1449 1847 1555 1877 Burm.
1600 1849 1719 1879 homines

402 2066 483 2103 quae
517 2054 681 2093 dolorem
723 2066 758 2094 et
791 2057 880 2095 iram
915 2058 1026 2096 lenire

401 2105 546 2155 poffint.
601 2107 723 2144 Habes
740 2121 887 2159 regnum
907 2121 1026 2160 pater-

402 2169 506 2201 num,
536 2158 638 2208 cujus
668 2159 762 2196 ditio
782 2174 894 2211 nuper
913 2162 1027 2212 captis

403 2208 546 2258 aliquot
557 2210 700 2260 oppidis
716 2213 817 2250 aneta
836 2213 906 2258 est3
935 2214 1026 2251 mihi

1090 2061 1231 2110 χῆμονες
1250 2061 1288 2096 τὸ
1307 2063 1409 2107 «γείος,
1429 2070 1614 2111 comparat
1633 2061 1714 2100 Ser-

1089 2111 1181 2150 vius.
1251 2111 1383 2148 Putant
1417 2121 1536 2148 autem
1570 2117 1715 2162 poetam

1089 2161 1129 2200 in
1165 2163 1289 2200 animo
1335 2163 1494 2201 habuisse
1531 2164 1589 2201 vff.
1626 2178 1719 2218 399*

1091 2227 1168 2263 400
1187 2214 1296 2252 Iliad.
1313 2233 1336 2252 ι.
1394 2227 1455 2266 27.
1474 2226 1625 2253 veterum
1637 2229 1716 2266 pro.

402 2272 531 2298 aurum
566 2262 612 2298 est
647 2266 701 2311 (ut
730 2264 806 2313 sup.
843 2264 914 2309 XI,
951 2279 1023 2314 213

380 2315 596 2362 'praedivitis
611 2314 691 2350 urbe
710 2316 860 2363 Latini),
887 2325 923 2352 et
947 2317 1025 2353 ani*—

402 2377 482 2400 mus
524 2365 701 2415 largiendi
746 2366 815 2403 tibi
849 2378 1024 2417 quantum

402 2415 486 2452 satis
511 2417 559 2452 est
588 2417 638 2462 (h.
671 2417 695 2453 fi
724 2431 849 2455 aurum
882 2419 1026 2470 insuper

402 2466 521 2517 cupis,
552 2467 700 2505 habebis
727 2470 766 2506 id
791 2483 810 2506 a
829 2482 897 2507 me.
950 2478 1026 2508 ani-

403 2534 488 2562 mus,
512 2520 684 2570 propensa
703 2521 884 2569 voluntas)
904 2536 912 2565 ;
944 2522 1024 2560 sunt

402 2571 483 2608 aiiae
518 2572 646 2619 puellae
673 2571 744 2608 tuis
780 2574 915 2622 nuptiis
952 2587 1025 2611 non

401 2621 588 2671 indignam
617 2623 724 2660 verbo
739 2623 867 2660 adsunt
885 2625 1024 2670 onmia,

402 2687 483 2724 quae
502 2674 695 2712 moderatis
707 2675 799 2712 votis
813 2676 1023 2714 satisfacere

401 2727 526 2775 possint
540 2742 551 2770 3
580 2726 638 2764 sed
658 2739 744 2763 meze
755 2727 837 2764 filiae
849 2729 1024 2778 conjugio

401 2777 513 2826 potiri
531 2790 603 2816 non
636 2787 750 2830 potes,
804 2792 865 2831 25.
893 2783 935 2819 ἐκ
955 2784 1023 2820 ἁσ-

1090 2282 1198 2304 corum
1211 2279 1225 2302 .·
1253 2265 1411 2317 ῐεΓΡεξὶιι
1430 2267 1576 2303 advenae
1592 2267 1716 2307 AEneae

1089 2317 1181 2355 dieti
1225 2329 1371 2360 veteres,
1418 2318 1599 2367 indigenae
1641 2319 1717 2360 illi.-

1091 2367 1150 2405 De
1182 2381 1220 2406 re
1247 2369 1324 2407 vid.
1351 2369 1425 2420 sup.
1446 2370 1537 2413 VII,
1571 2385 1620 2422 54
1638 2371 1716 2422 sqq.

1093 2433 1154 2470 29.
1183 2432 1317 2472 cognato
1331 2426 1519 2472 sanguine,
1540 2423 1624 2472 quia
1644 2422 1719 2460 Ve-

1091 2472 1196 2516 nilia,
1225 2482 1338 2509 mater
1357 2473 1492 2518 Turni,
1524 2473 1623 2511 soror
1641 2485 1718 2515 erat

1092 2524 1246 2560 Amatae.
1282 2524 1388 2562 Serv.
1424 2538 1461 2560 v.
1497 2524 1589 2569 VII,
1627 2528 1717 2573 366.

1091 2574 1142 2611 cf.
1163 2575 1214 2612 ibi
1237 2573 1384 2613 Excurs.
1413 2575 1492 2612 VII
1509 2587 1601 2615 extr.
1621 2578 1716 2617 adde

1091 2625 1147 2670 X,
1177 2627 1242 2676 76.-
1296 2640 1356 2674 30.
1381 2628 1500 2665 vincla
1518 2644 1546 2666 0.
1574 2644 1603 2665 r.
1632 2629 1715 2666 reli-

1087 2678 1206 2727 gionis
1224 2686 1260 2715 et
1275 2677 1432 2716 foederis.
1462 2680 1586 2724 Serv.;
1616 2681 1721 2729 quod

1088 2729 1234 2779 sequens
1269 2730 1386 2768 versus
1418 2731 1588 2769 declarat.
1652 2745 1717 2779 31.

1088 2782 1284 2833 Promfflm
1309 2789 1418 2833 ertpm'
1426 2799 1565 2834 genero.
1592 2782 1719 2875 AEam

1644 2847 1722 2872 nex.
