1847 3313
336 283 427 332 542
534 266 586 312 P.
631 253 1009 308 VIRGILII
1059 247 1444 299 MARONIS

335 397 475 443 Nunc
493 394 551 440 ad
571 404 632 448 te,
655 402 701 436 et
719 402 798 436 tua
815 401 1004 449 magna,
1025 395 1172 446 pater,
1188 379 1396 428 consulta
1417 387 1639 424 reverto'ra

335 487 383 534 Si
408 485 587 532 nullam
611 479 774 528 nostris
796 478 917 524 ultra
942 475 1073 537 spem
1097 473 1231 535 ponis
1250 472 1299 517 in
1318 469 1461 517 armis
1482 492 1494 523 3
1547 481 1636 527 411

335 575 384 620 Si
408 584 507 618 tam
530 567 697 616 deserti
722 566 895 621 sumus,
917 575 963 609 et
985 562 1126 609 semel
1151 561 1343 623 agmine
1368 558 1496 605 verso

336 662 566 711 Funditus
586 657 864 710 occidimus,
899 667 1050 715 neque
1075 650 1215 697 habet
1240 649 1444 695 Fortuna
1467 643 1648 709 regresa

529 748 661 795 sum:

337 845 543 892 Oremus
566 851 749 902 pacem,
773 845 821 881 et
840 833 1024 880 dextras
1046 829 1292 877 tendamus
1318 825 1495 873 inertis.

338 938 660 1002 Qamquam‚
679 946 724 985 o,
749 927 782 974 fi
805 926 950 973 solitae
968 922 1228 986 quidquam
1253 917 1438 964 virtutis
1462 914 1649 972 adesset,

339 1025 428 1074 Ille
450 1020 570 1069 mihi
590 1029 696 1064 ante
719 1015 832 1062 alios
851 1007 1204 1071 fortunatusque
1222 1007 1454 1061 laborum,
1551 1003 1647 1064 416

342 1109 666 1177 Egregiusque
682 1104 846 1160 animi,
875 1102 973 1165 qui,
996 1116 1055 1146 ne
1078 1098 1194 1162 quid
1217 1097 1308 1144 tale
1332 1096 1529 1154 videret,

387 1279 464 1308 410.
489 1279 516 1301 et
531 1267 615 1299 abest
633 1263 773 1296 Mentel.
789 1271 838 1304 pr.
855 1267 886 1290 et
903 1257 1002 1289 Goth.
1019 1265 1093 1289 tert.
1136 1269 1250 1300 magna,
1273 1255 1358 1297 quod
1375 1254 1521 1286 Heinfius
1532 1250 1654 1289 intulit,

344 1319 484 1354 Romani
505 1317 601 1351 lectio
616 1315 671 1354 est,
694 1325 791 1357 quam
817 1311 939 1353 aliquot
970 1309 1024 1340 alii
1051 1308 1134 1340 Pier.
1163 1311 1292 1348 Menag.
1321 1318 1369 1348 pr.
1395 1309 1497 1348 Sprot.
1525 1305 1652 1335 Moret.

344 1375 402 1405 sec.
419 1372 530 1414 etipse
551 1369 717 1401 Gudianus
732 1366 875 1401 firmant,
902 1373 999 1404 quem
1014 1361 1114 1392 miror
1141 1360 1192 1391 hic
1217 1360 1357 1390 deserere
1382 1358 1574 1393 Mediceum,
1600 1355 1655 1398 qui

345 1425 480 1455 aiteram
496 1420 653 1453 familiam
668 1417 776 1450 ducit;
799 1426 898 1457 magne
914 1422 1001 1456 pater
1015 1425 1025 1443 :
1048 1419 1083 1443 ut
1101 1411 1199 1452 vulgo
1226 1410 1369 1447 editum3
1399 1409 1485 1450 quod
1512 1410 1657 1439 Donatus
1708 1416 1712 1419 ’

345 1477 588 1517 interpretatur,
603 1478 634 1502 et
650 1469 718 1501 bini
735 1467 836 1499 Goth.
849 1465 1022 1508 agnoscunt
1039 1477 1047 1495 :
1072 1473 1146 1493 nam
1158 1461 1237 1493 alter
1253 1473 1356 1503 magna
1372 1459 1478 1490 habet.
1522 1468 1658 1490 revertar

345 1527 439 1558 Leid.
528 1532 605 1561 412.
629 1521 731 1565 deserto
756 1521 884 1560 Hugen.
927 1525 954 1547 et
966 1516 998 1557 fi
1009 1515 1095 1558 semel
1123 1513 1204 1544 alter
1235 1512 1354 1543 Hamb.
1399 1521 1426 1542 et
1436 1512 1528 1552 stnzul
1553 1511 1657 1549 Gud.,

346 1577 449 1619 sicque
476 1575 536 1607 Ed.
566 1584 616 1616 pr.
642 1575 767 1608 Burm„
790 1568 884 1600 male.
913 1567 954 1598 cf.
984 1576 1058 1596 mox
1086 1575 1118 1597 v.
1146 1564 1220 1602 418.
1313 1573 1387 1602 413.
1409 1575 1496 1605 neque
1512 1562 1620 1594 Heius.
1639 1573 1657 1593 e

346 1628 470 1670 scriptis
485 1636 543 1668 pro
559 1638 615 1657 nec.
661 1622 794 1665 regregffics
822 1619 902 1651 alter
929 1616 1051 1648 Hamb.
1098 1615 1234 1660 recursum
1250 1615 1342 1646 Leid.
1388 1614 1514 1644 Laudat
1543 1615 1655 1644 Burm.

347 1687 415 1711 not.
437 1678 476 1709 ad
490 1676 592 1708 Ovid.
615 1676 662 1705 V1
680 1676 758 1704 Met.
777 1680 851 1710 450.
943 1677 1016 1706 414.
1042 1668 1187 1698 reddemus
1209 1665 1336 1696 Zulich.
1358 1675 1375 1695 a
1394 1675 1438 1695 m.
1468 1674 1517 1705 pr.
1564 1666 1659 1695 inertis

347 1729 466 1772 recepit
484 1726 592 1758 Heins.
609 1736 625 1756 e
642 1726 739 1755 Rom.
758 1722 888 1762 aliisque
905 1719 989 1750 Pier.
1005 1718 1127 1758 suisque
1149 1716 1344 1753 melioribus,
1359 1714 1511 1756 quoniam
1532 1714 1661 1746 videbat

348 1780 508 1813 nervofius
524 1777 584 1809 effe
600 1783 632 1807 et
654 1774 725 1817 plus
740 1771 866 1804 artificii
883 1781 948 1812 prae
965 1769 995 1799 se
1012 1768 1107 1805 ferre,
1127 1778 1224 1808 quam
1240 1766 1407 1807 vulgatum
1424 1768 1548 1802 inermes,
1573 1765 1661 1807 quod

347 1831 475 1864 Servius
492 1837 619 1871 quoque
634 1825 742 1856 habet.
761 1823 800 1854 cf.
818 1822 887 1863 sup.
903 1820 942 1850 ad
960 1821 1006 1856 X,
1019 1827 1095 1860 595,
1124 1818 1178 1848 ubi
1201 1818 1312 1848 eadem
1329 1817 1475 1854 varietas,
1497 1823 1528 1846 et
1544 1816 1600 1847 inf.
1626 1826 1658 1846 v.

349 1884 426 1924 672.
515 1888 589 1917 415.
614 1878 689 1908 Non
707 1882 786 1917 puto
802 1872 885 1904 male
909 1871 1022 1912 aliquis
1037 1868 1229 1911 apofiopefin
1256 1868 1416 1904 statueret,
1431 1874 1463 1897 et
1488 1867 1662 1909 distingue-

347 1943 398 1967 ret
412 1945 419 1965 :
445 1934 621 1976 Qanquam
637 1940 650 1958 o
664 1928 675 1958 !
690 1925 819 1968 fisolitae
833 1925 984 1967 quicquam
999 1922 1119 1951 virtutis
1142 1920 1194 1950 ade
1216 1918 1336 1959 et-(sc.
1353 1916 1559 1958 quisquamne
1573 1918 1661 1949 susti*

349 1991 441 2017 neret
456 1983 516 2012 hoc
529 1980 631 2010 facere
644 1976 673 2018 ?)
697 1977 787 2005 Tum
802 1971 908 2014 pergit
921 1981 928 2001 t
955 1971 1008 2002 Ille
1019 1971 1096 2000 mihi.
1142 1969 1192 1999 Sic
1204 1968 1270 2009 sup.
1285 1967 1340 1998 lib.
1355 1969 1396 2004 V,
1410 1975 1468 2007 195
1483 1969 1659 2011 Qanquam

349 2051 364 2069 0
377 2034 479 2078 ,l--sed
491 2032 636 2075 superent,
656 2026 757 2070 quibus
774 2026 836 2061 hoc,
858 2025 996 2058 Fortuna,
1013 2021 1120 2064 desisti.
1209 2018 1283 2056 416.
1305 2027 1370 2048 ante
1391 2019 1478 2048 oculos
1494 2020 1578 2061 apud
1593 2021 1661 2051 Ru-

351 2085 462 2118 finian.
481 2083 519 2112 de
536 2078 662 2110 Schem.
680 2078 758 2107 Lex.
775 2085 851 2117 pag.
870 2083 944 2113 247.
977 2072 1095 2115 fortun.
1117 2071 1249 2103 malorum
1265 2067 1381 2100 Hamb.
1400 2068 1494 2100 alter.

353 2222 434 2260 bare
468 2229 554 2257 metu
584 2216 765 2268 fingendo.
836 2214 973 2262 artificis
1038 2213 1180 2262 ——418.
1222 2209 1290 2246 Seu
1324 2208 1485 2245 turbavit
1521 2206 1663 2245 affefius

339 2274 448 2325 scelus
463 2284 544 2323 pro,
563 2269 707 2307 artifex.
749 2269 875 2319 jurgia
895 2264 975 2301 sunt
1039 2264 1098 2301 seu
1111 2261 1288 2299 calliditas
1298 2260 1436 2297 inflexit
1448 2259 1662 2302 orationem,

354 2326 463 2362 minae
482 2337 515 2359 v.
538 2325 625 2371 348.
1040 2328 1119 2366 quae
1160 2314 1205 2350 fic
1248 2311 1439 2363 procedere
1482 2311 1658 2347 debebat:

406 2388 483 2426 410
521 2375 620 2422 seqq.
665 2371 795 2408 Utitur
828 2369 977 2405 Turnus
1040 2363 1341 2417 quanquam‚nifi
1366 2362 1664 2400 inertiffimieffe-

354 2428 490 2466 callido
508 2435 544 2462 et
561 2423 684 2460 subtili
714 2421 816 2458 aditu
834 2421 878 2456 ad
896 2430 977 2469 per·
1042 2430 1135 2461 mus,
1170 2415 1385 2453 debebamus
1412 2414 1514 2450 illum
1532 2413 1663 2450 habere

352 2478 573 2517 suadendum
604 2475 659 2519 id,
689 2473 787 2523 quod
820 2484 894 2507 non
911 2484 973 2506 au·
1042 2467 1355 2506 fi=rtunatiffimum
1370 2464 1662 2508 etfortiffimum,

355 2533 417 2568 det
447 2530 564 2579 palam
592 2526 736 2563 dicere:
767 2523 893 2561 melius
924 2520 977 2557 es·
1043 2520 1107 2572 qui
1125 2530 1196 2556 etc.
1219 2518 1270 2565 (h.
1290 2530 1321 2555 e.
1339 2516 1555 2553 debebamus
1570 2528 1665 2552 mor-

357 2583 392 2621 se
428 2579 590 2622 interire,
623 2590 730 2628 quam
758 2587 883 2626 pacem
920 2585 975 2609 ro-
1043 2583 1115 2609 tem
1150 2569 1312 2621 praeferre
1356 2567 1418 2604 tali
1462 2566 1664 2614 dedecori).

356 2645 457 2684 gare,
487 2640 526 2668 ut
553 2630 645 2667 bene
662 2626 863 2665 observavit
894 2625 976 2661 Ser·
1044 2624 1130 2659 Hoc
1150 2623 1298 2658 alterum
1322 2619 1498 2656 transtulit
1528 2619 1575 2654 ad
1604 2618 1662 2655 se:

356 2686 448 2722 vius.
529 2693 599 2719 tam
640 2681 779 2729 dcjserti3
833 2686 978 2727 propter
1043 2675 1110 2713 Ille
1141 2674 1224 2710 mihi
1238 2683 1315 2709 ante
1333 2671 1412 2708 alios
1428 2674 1469 2721 f.
1525 2669 1584 2706 Est
1603 2682 1666 2705 au·

358 2733 593 2776 Diomedem,
626 2731 690 2781 qui
723 2730 816 2767 solus
834 2725 978 2778 negavit
1046 2736 1116 2762 tem
1135 2730 1335 2775 fortunatus
1354 2722 1500 2759 laborum
1532 2724 1585 2768 (ut
1603 2720 1665 2757 lae-

359 2785 520 2829 auxilia3
546 2794 586 2822 ut
619 2783 716 2820 idem
749 2781 849 2818 Serv.
902 2791 974 2829 ,μς
1045 2788 1096 2815 tus
1114 2776 1262 2814 laborum
1291 2774 1369 2825 sup.
1396 2787 1432 2812 v.
1462 2775 1548 2824 73),
1574 2771 1666 2827 felix

1624 2834 1664 2859 in
