1847 3313
326 304 752 362 AENEIDOS,
808 298 962 350 ΜΒ.
1016 300 1130 349 v11.
1315 318 1372 382 39

67 438 250 487 Funere
275 435 403 482 felici
428 432 619 496 spolior.
689 429 792 475 Nec
815 429 952 491 plura
974 426 1158 472 locutus

67 527 234 590 Saepfit
257 525 302 572 se
327 524 474 579 teeti&
507 536 755 582 rerumque
774 518 964 580 reliquit
988 516 1207 562 habenas.
1279 512 1375 562 600

136 617 250 663 Mos
290 625 387 661 erat
429 609 665 675 Hesperio
702 608 749 655 in
793 606 950 664 Latio,
981 621 1125 668 quem
1160 605 1374 667 protinus

263 703 404 750 urbes

72 797 274 859 Albanae
295 792 484 840 coluere
506 789 706 844 sacrum,
740 802 864 834 nunc
890 801 1113 833 maxuma
1133 799 1293 830 rerum

77 888 233 938 Roma
274 884 408 940 colit,
460 897 610 945 quum
667 879 824 943 prima
859 887 1054 926 movent
1106 875 1156 921 in
1206 873 1383 938 proelia

270 975 496 1029 Martem,

77 1067 187 1124 Sive
211 1064 343 1111 Getis
368 1062 537 1109 inferre
562 1076 703 1107 manu
728 1055 1017 1105 lacrimabile
1038 1054 1236 1110 bellum,

80 1154 375 1220 Hyrcanisve
399 1151 625 1199 Arabisve
648 1161 825 1214 parant,
838 1148 915 1216 seu
932 1145 1124 1194 tendere
1146 1144 1205 1190 ad
1228 1143 1389 1203 Indos,

123 1295 202 1329 599.
229 1287 353 1316 Munere
367 1294 416 1326 pr.
436 1280 723 1315 Moret.——600.
747 1281 875 1320 relinquit
904 1278 1040 1318 Menag.
1073 1284 1219 1317 uterque.
1312 1272 1389 1304 601.

80 1340 110 1380 ξπ
136 1340 224 1368 Latio
249 1338 382 1378 Hesperio
397 1335 519 1376 aliquot
535 1333 617 1364 Pier.
663 1344 738 1373 quem
758 1338 809 1372 pr.
831 1342 885 1360 una
907 1328 1036 1359 Thuan.
1053 1327 1202 1359 Macrob.
1219 1327 1272 1362 111,
1300 1324 1316 1354 8
1342 1335 1393 1355 ar-

81 1398 213 1432 gutarur
237 1388 328 1429 super
344 1398 414 1418 voc.
444 1384 675 1422 mos.—---604.
702 1384 770 1413 Sive
787 1383 826 1412 G.
844 1383 864 1412 ι’.
879 1393 975 1412 manus
991 1381 1044 1421 fixe
1057 1382 1162 1410 tendere
1177 1382 1215 1409 ad
1230 1379 1306 1408 Indi:
1327 1389 1395 1409 lau-

83 1443 139 1485 flat
155 1439 257 1473 Schol.
275 1439 395 1478 Cruqu.
413 1437 453 1468 ad
470 1438 584 1467 Horat.
604 1436 645 1465 111
661 1434 723 1466 Od.
745 1443 797 1471 24.
842 1431 1001 1463 Charisius
1012 1438 1119 1461 autern
1134 1430 1190 1462 lib.
1211 1432 1225 1460 1
1244 1428 1316 1459 Inst.
1334 1432 1394 1460 Gr.

85 1505 119 1538 p.
137 1500 175 1531 77
195 1491 370 1530 Hyrcanffve
383 1490 425 1519 A.
439 1495 547 1529 parant
559 1489 670 1517 indicere
680 1488 786 1517 bellum.
818 1485 885 1526 five
909 1487 1014 1525 infirre
1043 1495 1147 1514 manus.
1192 1483 1281 1512 Tum
1299 1481 1396 1514 Witt.

89 1543 201 1574 Gothis.
246 1541 329 1572 Tres
354 1549 402 1582 ap.
422 1539 530 1569 Heins-
552 1536 840 1575 manmn.——605.
866 1536 1050 1577 Hirrus-eisque
1073 1534 1168 1565 multi
1185 1533 1268 1564 Pier.
1297 1539 1328 1564 et
1345 1532 1397 1564 ed.

89 1591 229 1627 Mediol.

87 1700 225 1744 vivere,
265 1697 358 1736 mori
391 1696 586 1734 infelicem.
641 1694 712 1731 Sed
774 1696 843 1733 tuli
860 1696 1006 1733 nomine
1024 1692 1173 1737 Latino,
1190 1703 1226 1730 et
1237 1693 1399 1736 Turnus,

90 1753 136 1789 de
165 1750 281 1788 verbis
299 1749 438 1798 ambigi
468 1749 600 1799 potest:
644 1759 713 1795 ego
778 1748 889 1798 Regis
917 1747 1064 1783 nomine
1081 1758 1242 1787 ortuum,
1273 1745 1397 1780 Latini

89 1810 206 1847 omnis,
249 1812 361 1845 totus,
405 1801 482 1837 sum
522 1805 556 1837 in
588 1800 714 1841 limine,
776 1809 895 1836 tamen
912 1797 1134 1849 principatui
1151 1807 1275 1846 paret:
1304 1809 1400 1833 nunc

91 1854 354 1903 aditu‚p0rtus;
383 1851 420 1888 in
432 1852 618 1902 portujam
639 1863 714 1886 tan-

95 1916 173 1943 tum
205 1919 277 1942 non
305 1903 452 1954 navigo.
509 1903 588 1951 vid2
623 1902 714 1938 Var.

95 1957 197 1994 Leec.
237 1960 349 2007 fanus
380 1968 446 2005 pro
481 1953 557 2004 ipsa
586 1965 715 1996 morte,

95 2008 192 2049 haud
206 2007 336 2053 dubie3
365 2019 438 2043 non
455 2007 500 2042 de
513 2005 688 2054 exequiis.

150 2073 238 2111 599.
270 2062 356 2098 600.
420 2057 534 2109 Qod
568 2056 718 2093 Latinus

99 2112 202 2161 regni
238 2111 362 2147 munia
408 2109 551 2159 prorsus
586 2107 719 2145 deserit

102 2164 167 2210 (cf.
187 2163 280 2199 Not.
295 2163 341 2198 ad
360 2160 471 2203 VIII,
500 2163 552 2207 1),
581 2172 624 2198 ne
642 2159 720 2209 quis

102 2215 171 2252 hoc
191 2223 322 2250 temere
349 2213 483 2249 fartum
515 2212 720 2254 arbitretur,

101 2265 296 2303 tenendum
313 2265 376 2308 est,
394 2265 440 2300 ad
459 2264 578 2300 Turni
591 2275 722 2299 nomen

104 2317 370 2359 illustrandum,
409 2316 459 2352 ita
484 2328 536 2351 res
554 2324 723 2364 attempe-

103 2379 197 2406 ratas
212 2369 292 2411 esse,
320 2377 358 2404 ut
377 2366 406 2403 is
419 2366 594 2403 summam
613 2366 724 2415 impe-

106 2421 152 2457 rii
195 2431 311 2456 tenere
351 2418 526 2454 videatur.
606 2417 726 2453 Facile

105 2471 203 2520 enim
229 2470 458 2519 intelligitur,
502 2482 586 2509 curn
619 2469 726 2505 semel

108 2522 255 2560 Turnus
272 2522 317 2558 ad
334 2522 456 2560 AEncae
483 2520 650 2557 virtutem
682 2521 728 2557 il-

107 2574 321 2621 lustrandam
337 2571 530 2622 insigniore
546 2571 653 2609 laude
671 2585 728 2608 ce-

107 2625 300 2666 lebrandus
327 2624 424 2668 effer,
450 2623 526 2668 fieri
555 2624 625 2661 hoc
658 2636 730 2660 non

110 2678 203 2714 ref‘te
219 2675 382 2726 potuisse,
407 2675 433 2712 si
462 2675 631 2712 secundas
649 2687 729 2723 par-

112 2738 164 2766 tes
182 2738 302 2778 ageret
318 2738 354 2764 et
387 2727 529 2763 alterius
561 2726 729 2776 auspiciis

113 2793 167 2823 res
194 2788 344 2831 gereret.
409 2777 546 2814 Eodem
574 2777 730 2828 spectant

113 2831 198 2876 alia,
224 2844 304 2881 quae
334 2834 355 2866 a
383 2828 538 2865 Marone
572 2829 731 2866 sollerter

113 2883 255 2942 provisa
270 2881 362 2921 sunt.
389 2880 635 2919 Continentur
653 2880 732 2918 Ru-

520 2945 548 2987 4

779 1862 896 1887 autem
916 1851 954 1887 in
974 1848 1096 1886 Latini
1127 1850 1247 1885 locum
1281 1847 1403 1884 succe-

779 1903 862 1939 dit:
909 1900 1213 1951 quemadmodum
1242 1900 1335 1949 apud
1356 1898 1406 1934 E-

781 1954 915 1991 truscos
949 1953 1081 1989 fastum
1117 1951 1294 1994 videmus,
1342 1960 1405 1987 aut

781 2006 875 2046 inter
892 2005 1071 2046 Achivos,
1099 2012 1137 2040 ut
1162 2001 1322 2053 plurium
1353 2002 1409 2039 ci-

782 2059 935 2095 vitatum
956 2069 1052 2106 reges
1069 2054 1313 2106 principatum
1341 2053 1405 2090 uni

784 2109 877 2146 inter
904 2109 939 2145 se
963 2108 1159 2144 deferrent.
1213 2106 1268 2142 Ex
1300 2104 1408 2142 dietis

784 2159 1016 2210 intelligitur,
1067 2157 1253 2208 quomodo
1297 2156 1409 2194 Maro

785 2212 874 2262 saepe
892 2211 1089 2249 Rutulorzm
1107 2222 1236 2247 nomen
1253 2222 1317 2258 pro
1336 2210 1411 2245 La-

784 2270 861 2301 tinis
896 2276 1042 2313 ponere,
1083 2262 1169 2298 alias
1194 2260 1409 2303 discernere,

787 2314 968 2366 potuerit:
999 2314 1136 2350 scilicet
1151 2322 1189 2349 ut
1211 2311 1412 2356 Hernicos,

788 2367 941 2416 AEquos,
968 2365 1134 2402 Volscos.
1189 2363 1290 2400 Hinc
1303 2377 1412 2414 appa-

790 2430 844 2455 ret
871 2430 1028 2467 quoque,
1055 2429 1120 2454 cur
1137 2414 1259 2452 Turni
1287 2414 1414 2452 matri-

792 2470 956 2514 monium
973 2468 1136 2506 connubiis
1148 2467 1278 2504 Latinis
1297 2466 1414 2517 defig-

791 2534 875 2558 nare
896 2521 1052 2570 potuerit
1078 2519 1153 2568 sup.
1175 2518 1265 2562 VH,
1294 2519 1344 2568 96
1377 2527 1416 2554 et

792 2572 888 2609 idem
901 2574 1052 2609 Laurens
1065 2574 1198 2608 Turnus
1216 2569 1307 2613 VII,
1324 2570 1346 2607 6
1349 2583 1370 2621 5
1375 2582 1415 2608 0.

793 2624 846 2671 ef.
864 2624 955 2660 Exc.
974 2623 1050 2659 Vn
1064 2632 1157 2659 extr.

847 2676 1064 2713 601—622.
1087 2672 1283 2723 Egregium
1295 2682 1330 2710 et
1341 2672 1418 2723 epi-

792 2739 844 2764 cae
858 2725 1029 2776 majestati
1039 2725 1313 2762 consentaneum
1328 2729 1419 2775 poe-

794 2789 839 2814 tae
871 2789 1130 2820 commentum,
1157 2776 1246 2814 dum
1283 2775 1418 2813 bellum

795 2838 934 2867 motum
964 2838 1000 2864 et
1033 2828 1173 2864 illatum
1213 2838 1420 2865 narraturus

795 2890 886 2937 erat,
911 2878 1069 2932 primum
1099 2891 1236 2934 morem
1261 2879 1421 2931 patrium

1334 2930 1423 2988 lani.
