<?xml version="1.0" encoding="UTF-8"?>
<!DOCTYPE html PUBLIC "-//W3C//DTD XHTML 1.0 Transitional//EN"
    "http://www.w3.org/TR/xhtml1/DTD/xhtml1-transitional.dtd">
<html xmlns="http://www.w3.org/1999/xhtml" xml:lang="en" lang="en">
 <head>
  <title>
</title>
<meta http-equiv="Content-Type" content="text/html;charset=utf-8" />
  <meta name='ocr-system' content='tesseract 3.04.00' />
  <meta name='ocr-capabilities' content='ocr_page ocr_carea ocr_par ocr_line ocrx_word'/>
</head>
<body>
  <div class='ocr_page' id='page_1' title='image "./operavarietatele03virguoft_0621.png"; bbox 0 0 1847 3313; ppageno 0'>
   <div class='ocr_carea' id='block_1_1' title="bbox 373 236 1407 312">
    <p class='ocr_par' dir='ltr' id='par_1_1' title="bbox 373 236 1407 312">
     <span class='ocr_line' id='line_1_1' title="bbox 373 236 1407 312; baseline 0.017 -27"><span class='ocrx_word' id='word_1_1' title='bbox 373 236 786 300; x_wconf 78' lang='lat' dir='ltr'>AENEIDOS‚</span> <span class='ocrx_word' id='word_1_2' title='bbox 837 241 990 295; x_wconf 91' lang='lat' dir='ltr'><strong>LIB.</strong></span> <span class='ocrx_word' id='word_1_3' title='bbox 1037 245 1128 296; x_wconf 89' lang='lat' dir='ltr'>XI.</span> <span class='ocrx_word' id='word_1_4' title='bbox 1317 258 1407 312; x_wconf 82' lang='lat'>595</span> 
     </span>
    </p>
   </div>
   <div class='ocr_carea' id='block_1_2' title="bbox 93 356 1405 525">
    <p class='ocr_par' dir='ltr' id='par_1_2' title="bbox 93 356 1405 525">
     <span class='ocr_line' id='line_1_2' title="bbox 93 356 1405 433; baseline 0.008 -22"><span class='ocrx_word' id='word_1_5' title='bbox 93 356 334 428; x_wconf 84' lang='lat' dir='ltr'>Adcipere</span> <span class='ocrx_word' id='word_1_6' title='bbox 356 367 555 414; x_wconf 88' lang='lat' dir='ltr'>orantis:</span> <span class='ocrx_word' id='word_1_7' title='bbox 589 369 829 433; x_wconf 83' lang='lat' dir='ltr'>oriturque</span> <span class='ocrx_word' id='word_1_8' title='bbox 854 372 1116 420; x_wconf 85' lang='lat' dir='ltr'>miserrima</span> <span class='ocrx_word' id='word_1_9' title='bbox 1138 373 1291 421; x_wconf 73' lang='lat' dir='ltr'>caedes</span> <span class='ocrx_word' id='word_1_10' title='bbox 1319 377 1373 421; x_wconf 84' lang='lat'>88</span> <span class='ocrx_word' id='word_1_11' title='bbox 1381 384 1405 433; x_wconf 84' lang='grc'><em>5</em></span> 
     </span>
     <span class='ocr_line' id='line_1_3' title="bbox 94 455 1382 525; baseline 0.009 -25"><span class='ocrx_word' id='word_1_12' title='bbox 94 455 451 504; x_wconf 88' lang='lat' dir='ltr'>Defendentum</span> <span class='ocrx_word' id='word_1_13' title='bbox 474 459 614 506; x_wconf 76' lang='lat' dir='ltr'>armis</span> <span class='ocrx_word' id='word_1_14' title='bbox 636 461 806 518; x_wconf 86' lang='lat' dir='ltr'>aditus,</span> <span class='ocrx_word' id='word_1_15' title='bbox 831 462 972 525; x_wconf 87' lang='lat' dir='ltr'>inque</span> <span class='ocrx_word' id='word_1_16' title='bbox 992 481 1121 510; x_wconf 81' lang='lat' dir='ltr'>arma</span> <span class='ocrx_word' id='word_1_17' title='bbox 1144 479 1382 512; x_wconf 87' lang='lat' dir='ltr'>ruentum.</span> 
     </span>
    </p>
   </div>
   <div class='ocr_carea' id='block_1_3' title="bbox 92 544 1407 619">
    <p class='ocr_par' dir='ltr' id='par_1_3' title="bbox 92 544 1407 619">
     <span class='ocr_line' id='line_1_4' title="bbox 92 544 1407 619; baseline 0.009 -28"><span class='ocrx_word' id='word_1_18' title='bbox 92 544 417 604; x_wconf 83' lang='lat' dir='ltr'>Exclufi‚ante</span> <span class='ocrx_word' id='word_1_19' title='bbox 427 550 589 595; x_wconf 82' lang='lat' dir='ltr'>oculos</span> <span class='ocrx_word' id='word_1_20' title='bbox 601 550 1029 617; x_wconf 81' lang='lat' dir='ltr'>lacrimantumque</span> <span class='ocrx_word' id='word_1_21' title='bbox 1043 571 1123 602; x_wconf 84' lang='lat' dir='ltr'>ora</span> <span class='ocrx_word' id='word_1_22' title='bbox 1137 567 1407 619; x_wconf 79' lang='lat' dir='ltr'>parentum,</span> 
     </span>
    </p>
   </div>
   <div class='ocr_carea' id='block_1_4' title="bbox 93 633 1116 705">
    <p class='ocr_par' dir='ltr' id='par_1_4' title="bbox 93 633 1116 705">
     <span class='ocr_line' id='line_1_5' title="bbox 93 633 1116 705; baseline 0.011 -25"><span class='ocrx_word' id='word_1_23' title='bbox 93 633 204 681; x_wconf 87' lang='lat' dir='ltr'>Pars</span> <span class='ocrx_word' id='word_1_24' title='bbox 222 635 272 682; x_wconf 91' lang='lat' dir='ltr'>in</span> <span class='ocrx_word' id='word_1_25' title='bbox 294 639 558 702; x_wconf 82' lang='lat' dir='ltr'>praecipitis</span> <span class='ocrx_word' id='word_1_26' title='bbox 580 639 728 698; x_wconf 83' lang='lat' dir='ltr'>foffas,</span> <span class='ocrx_word' id='word_1_27' title='bbox 752 656 949 705; x_wconf 82' lang='lat' dir='ltr'>urgente</span> <span class='ocrx_word' id='word_1_28' title='bbox 967 645 1116 702; x_wconf 81' lang='lat' dir='ltr'>ruina,</span> 
     </span>
    </p>
   </div>
   <div class='ocr_carea' id='block_1_5' title="bbox 90 727 1300 794">
    <p class='ocr_par' dir='ltr' id='par_1_5' title="bbox 90 727 1300 794">
     <span class='ocr_line' id='line_1_6' title="bbox 90 727 1300 794; baseline 0.01 -19"><span class='ocrx_word' id='word_1_29' title='bbox 90 727 338 776; x_wconf 83' lang='lat' dir='ltr'>Volvitur:</span> <span class='ocrx_word' id='word_1_30' title='bbox 376 730 567 778; x_wconf 83' lang='lat' dir='ltr'>inmiffis</span> <span class='ocrx_word' id='word_1_31' title='bbox 591 748 699 794; x_wconf 82' lang='lat' dir='ltr'>pars</span> <span class='ocrx_word' id='word_1_32' title='bbox 722 748 848 780; x_wconf 80' lang='lat' dir='ltr'>caeca</span> <span class='ocrx_word' id='word_1_33' title='bbox 873 747 918 781; x_wconf 86' lang='lat' dir='ltr'>et</span> <span class='ocrx_word' id='word_1_34' title='bbox 940 738 1126 784; x_wconf 80' lang='lat' dir='ltr'>concita</span> <span class='ocrx_word' id='word_1_35' title='bbox 1154 739 1300 786; x_wconf 83' lang='lat' dir='ltr'>frenis</span> 
     </span>
    </p>
   </div>
   <div class='ocr_carea' id='block_1_6' title="bbox 86 825 1118 893">
    <p class='ocr_par' dir='ltr' id='par_1_6' title="bbox 86 825 1118 893">
     <span class='ocr_line' id='line_1_7' title="bbox 86 825 1118 893; baseline 0.008 -23"><span class='ocrx_word' id='word_1_36' title='bbox 86 825 273 871; x_wconf 86' lang='lat' dir='ltr'>Arietat</span> <span class='ocrx_word' id='word_1_37' title='bbox 295 825 343 871; x_wconf 94' lang='lat' dir='ltr'>in</span> <span class='ocrx_word' id='word_1_38' title='bbox 365 838 521 888; x_wconf 84' lang='lat' dir='ltr'>portas</span> <span class='ocrx_word' id='word_1_39' title='bbox 549 841 593 873; x_wconf 80' lang='lat' dir='ltr'>et</span> <span class='ocrx_word' id='word_1_40' title='bbox 610 828 749 874; x_wconf 86' lang='lat' dir='ltr'>duros</span> <span class='ocrx_word' id='word_1_41' title='bbox 770 829 928 892; x_wconf 74' lang='lat' dir='ltr'>objice</span> <span class='ocrx_word' id='word_1_42' title='bbox 947 831 1118 893; x_wconf 80' lang='lat' dir='ltr'>postes,</span> 
     </span>
    </p>
   </div>
   <div class='ocr_carea' id='block_1_7' title="bbox 1309 835 1401 896">
    <p class='ocr_par' dir='ltr' id='par_1_7' title="bbox 1309 835 1401 896">
     <span class='ocr_line' id='line_1_8' title="bbox 1309 835 1401 896; baseline 0.011 -17"><span class='ocrx_word' id='word_1_43' title='bbox 1309 835 1401 896; x_wconf 76' lang='lat'>890</span> 
     </span>
    </p>
   </div>
   <div class='ocr_carea' id='block_1_8' title="bbox 87 913 1139 977">
    <p class='ocr_par' dir='ltr' id='par_1_8' title="bbox 87 913 1139 977">
     <span class='ocr_line' id='line_1_9' title="bbox 87 913 1139 977; baseline 0.008 -17"><span class='ocrx_word' id='word_1_44' title='bbox 87 913 209 977; x_wconf 83' lang='lat' dir='ltr'><strong>Ipsae</strong></span> <span class='ocrx_word' id='word_1_45' title='bbox 231 916 289 961; x_wconf 89' lang='lat' dir='ltr'>de</span> <span class='ocrx_word' id='word_1_46' title='bbox 313 916 458 962; x_wconf 88' lang='lat' dir='ltr'>muris</span> <span class='ocrx_word' id='word_1_47' title='bbox 483 914 667 962; x_wconf 86' lang='lat' dir='ltr'>summo</span> <span class='ocrx_word' id='word_1_48' title='bbox 688 919 945 965; x_wconf 72' lang='lat' dir='ltr'>certamine</span> <span class='ocrx_word' id='word_1_49' title='bbox 971 934 1139 968; x_wconf 84' lang='lat' dir='ltr'>matres</span> 
     </span>
    </p>
   </div>
   <div class='ocr_carea' id='block_1_9' title="bbox 88 1006 1398 1074">
    <p class='ocr_par' dir='ltr' id='par_1_9' title="bbox 88 1006 1398 1074">
     <span class='ocr_line' id='line_1_10' title="bbox 88 1006 1398 1074; baseline 0.009 -23"><span class='ocrx_word' id='word_1_50' title='bbox 88 1006 348 1067; x_wconf 76' lang='lat' dir='ltr'>(Monstrat</span> <span class='ocrx_word' id='word_1_51' title='bbox 362 1023 497 1054; x_wconf 83' lang='lat' dir='ltr'>arnor</span> <span class='ocrx_word' id='word_1_52' title='bbox 515 1024 645 1055; x_wconf 88' lang='lat' dir='ltr'>verus</span> <span class='ocrx_word' id='word_1_53' title='bbox 660 1010 868 1071; x_wconf 83' lang='lat' dir='ltr'>patriae),</span> <span class='ocrx_word' id='word_1_54' title='bbox 887 1024 940 1058; x_wconf 82' lang='lat' dir='ltr'>ut</span> <span class='ocrx_word' id='word_1_55' title='bbox 955 1013 1112 1061; x_wconf 84' lang='lat' dir='ltr'>videre</span> <span class='ocrx_word' id='word_1_56' title='bbox 1125 1015 1398 1074; x_wconf 78' lang='lat' dir='ltr'>Camillam,</span> 
     </span>
    </p>
   </div>
   <div class='ocr_carea' id='block_1_10' title="bbox 83 1116 1396 1330">
    <p class='ocr_par' dir='ltr' id='par_1_10' title="bbox 83 1116 1396 1330">
     <span class='ocr_line' id='line_1_11' title="bbox 129 1116 1395 1178; baseline 0.006 -22"><span class='ocrx_word' id='word_1_57' title='bbox 129 1123 203 1157; x_wconf 73' lang='lat'>886.</span> <span class='ocrx_word' id='word_1_58' title='bbox 230 1116 392 1167; x_wconf 73' lang='lat' dir='ltr'>Defendem</span> <span class='ocrx_word' id='word_1_59' title='bbox 409 1139 481 1159; x_wconf 86' lang='lat' dir='ltr'>cum</span> <span class='ocrx_word' id='word_1_60' title='bbox 499 1128 594 1160; x_wconf 83' lang='lat' dir='ltr'>litura</span> <span class='ocrx_word' id='word_1_61' title='bbox 619 1130 736 1161; x_wconf 67' lang='lat' dir='ltr'>Medic.</span> <span class='ocrx_word' id='word_1_62' title='bbox 779 1133 927 1176; x_wconf 70' lang='lat' dir='ltr'>aditusque</span> <span class='ocrx_word' id='word_1_63' title='bbox 952 1137 1034 1177; x_wconf 73' lang='lat' dir='ltr'>inque</span> <span class='ocrx_word' id='word_1_64' title='bbox 1047 1136 1157 1166; x_wconf 83' lang='lat' dir='ltr'>Frane.</span> <span class='ocrx_word' id='word_1_65' title='bbox 1203 1145 1290 1178; x_wconf 76' lang='lat' dir='ltr'>atque</span> <span class='ocrx_word' id='word_1_66' title='bbox 1314 1147 1343 1165; x_wconf 87' lang='grc' dir='ltr'>α.</span> <span class='ocrx_word' id='word_1_67' title='bbox 1369 1146 1395 1164; x_wconf 77' lang='lat' dir='ltr'>r.</span> 
     </span>
     <span class='ocr_line' id='line_1_12' title="bbox 84 1172 1394 1226; baseline 0.007 -20"><span class='ocrx_word' id='word_1_68' title='bbox 84 1172 168 1207; x_wconf 76' lang='lat' dir='ltr'>Gud.</span> <span class='ocrx_word' id='word_1_69' title='bbox 215 1177 285 1207; x_wconf 74' lang='lat' dir='ltr'>duro</span> <span class='ocrx_word' id='word_1_70' title='bbox 300 1188 327 1208; x_wconf 79' lang='lat' dir='ltr'>et</span> <span class='ocrx_word' id='word_1_71' title='bbox 339 1178 395 1220; x_wconf 54' lang='grc' dir='ltr'>βψ</span> <span class='ocrx_word' id='word_1_72' title='bbox 411 1180 513 1210; x_wconf 61' lang='lat' dir='ltr'>illane</span> <span class='ocrx_word' id='word_1_73' title='bbox 532 1182 677 1211; x_wconf 49' lang='lat' dir='ltr'>cadentum</span> <span class='ocrx_word' id='word_1_74' title='bbox 694 1181 861 1223; x_wconf 65' lang='lat' dir='ltr'>praefixum</span> <span class='ocrx_word' id='word_1_75' title='bbox 878 1184 972 1215; x_wconf 83' lang='lat' dir='ltr'>video</span> <span class='ocrx_word' id='word_1_76' title='bbox 984 1186 1104 1215; x_wconf 70' lang='lat' dir='ltr'>Donati</span> <span class='ocrx_word' id='word_1_77' title='bbox 1122 1183 1394 1226; x_wconf 77' lang='lat' dir='ltr'>interpretationi.</span> 
     </span>
     <span class='ocr_line' id='line_1_13' title="bbox 83 1226 1396 1277; baseline 0.007 -20"><span class='ocrx_word' id='word_1_78' title='bbox 83 1226 207 1268; x_wconf 77' lang='lat' dir='ltr'>Julium</span> <span class='ocrx_word' id='word_1_79' title='bbox 224 1229 374 1260; x_wconf 81' lang='lat' dir='ltr'>Sabinum</span> <span class='ocrx_word' id='word_1_80' title='bbox 393 1240 580 1273; x_wconf 80' lang='lat' dir='ltr'>corruptum</span> <span class='ocrx_word' id='word_1_81' title='bbox 601 1233 704 1273; x_wconf 71' lang='lat' dir='ltr'>potius</span> <span class='ocrx_word' id='word_1_82' title='bbox 728 1234 787 1265; x_wconf 79' lang='lat' dir='ltr'>esse</span> <span class='ocrx_word' id='word_1_83' title='bbox 815 1235 966 1272; x_wconf 78' lang='lat' dir='ltr'>arbitror,</span> <span class='ocrx_word' id='word_1_84' title='bbox 996 1247 1091 1277; x_wconf 81' lang='lat' dir='ltr'>quam</span> <span class='ocrx_word' id='word_1_85' title='bbox 1107 1236 1243 1266; x_wconf 65' lang='lat' dir='ltr'>lectione</span> <span class='ocrx_word' id='word_1_86' title='bbox 1260 1235 1396 1266; x_wconf 74' lang='lat' dir='ltr'>variare.</span> 
     </span>
     <span class='ocr_line' id='line_1_14' title="bbox 83 1279 1394 1330; baseline 0.006 -21"><span class='ocrx_word' id='word_1_87' title='bbox 83 1280 192 1317; x_wconf 75' lang='lat' dir='ltr'>Caedes,</span> <span class='ocrx_word' id='word_1_88' title='bbox 208 1279 263 1316; x_wconf 81' lang='lat' dir='ltr'>ait,</span> <span class='ocrx_word' id='word_1_89' title='bbox 279 1293 363 1323; x_wconf 83' lang='lat' dir='ltr'>quam</span> <span class='ocrx_word' id='word_1_90' title='bbox 377 1283 530 1324; x_wconf 72' lang='lat' dir='ltr'>faciebant</span> <span class='ocrx_word' id='word_1_91' title='bbox 546 1284 674 1324; x_wconf 66' lang='lat' dir='ltr'>Trojani.</span> <span class='ocrx_word' id='word_1_92' title='bbox 722 1288 822 1316; x_wconf 80' lang='lat' dir='ltr'><em>Oritur</em></span> <span class='ocrx_word' id='word_1_93' title='bbox 837 1288 925 1318; x_wconf 74' lang='lat' dir='ltr'><em>caedes</em></span> <span class='ocrx_word' id='word_1_94' title='bbox 942 1288 1155 1330; x_wconf 58' lang='lat' dir='ltr'>descendentium</span> <span class='ocrx_word' id='word_1_95' title='bbox 1165 1297 1220 1330; x_wconf 74' lang='lat' dir='ltr'>per</span> <span class='ocrx_word' id='word_1_96' title='bbox 1235 1288 1394 1330; x_wconf 59' lang='lat' dir='ltr'>ingusticm,</span> 
     </span>
    </p>
   </div>
   <div class='ocr_carea' id='block_1_11' title="bbox 453 1350 536 1358">
    <p class='ocr_par' dir='ltr' id='par_1_11' title="bbox 453 1350 536 1358">
     <span class='ocr_line' id='line_1_15' title="bbox 453 1350 536 1358; baseline 0 0"><span class='ocrx_word' id='word_1_97' title='bbox 453 1350 536 1358; x_wconf 95' lang='lat' dir='ltr'> </span> 
     </span>
    </p>
   </div>
   <div class='ocr_carea' id='block_1_12' title="bbox 79 1332 450 1374">
    <p class='ocr_par' dir='ltr' id='par_1_12' title="bbox 79 1332 450 1374">
     <span class='ocr_line' id='line_1_16' title="bbox 79 1332 450 1374; baseline 0.005 -14"><span class='ocrx_word' id='word_1_98' title='bbox 79 1340 107 1361; x_wconf 85' lang='lat' dir='ltr'>et</span> <span class='ocrx_word' id='word_1_99' title='bbox 119 1333 257 1361; x_wconf 76' lang='lat' dir='ltr'>ruentium</span> <span class='ocrx_word' id='word_1_100' title='bbox 271 1332 313 1362; x_wconf 78' lang='lat' dir='ltr'>ad</span> <span class='ocrx_word' id='word_1_101' title='bbox 327 1340 450 1374; x_wconf 75' lang='lat' dir='ltr'>portam.</span> 
     </span>
    </p>
   </div>
   <div class='ocr_carea' id='block_1_13' title="bbox 67 1380 866 1475">
    <p class='ocr_par' dir='ltr' id='par_1_13' title="bbox 67 1380 866 1475">
     <span class='ocr_line' id='line_1_17' title="bbox 81 1380 738 1424; baseline 0.008 -14"><span class='ocrx_word' id='word_1_102' title='bbox 81 1381 207 1412; x_wconf 74' lang='lat' dir='ltr'>Nloret.</span> <span class='ocrx_word' id='word_1_103' title='bbox 231 1380 290 1412; x_wconf 85' lang='lat' dir='ltr'>sec.</span> <span class='ocrx_word' id='word_1_104' title='bbox 309 1389 341 1412; x_wconf 87' lang='lat' dir='ltr'>et</span> <span class='ocrx_word' id='word_1_105' title='bbox 358 1382 481 1415; x_wconf 88' lang='lat' dir='ltr'>Hamb.</span> <span class='ocrx_word' id='word_1_106' title='bbox 505 1393 552 1424; x_wconf 89' lang='lat' dir='ltr'>pr.</span> <span class='ocrx_word' id='word_1_107' title='bbox 579 1395 593 1414; x_wconf 83' lang='lat' dir='ltr'>a</span> <span class='ocrx_word' id='word_1_108' title='bbox 613 1395 655 1415; x_wconf 87' lang='lat' dir='ltr'>m.</span> <span class='ocrx_word' id='word_1_109' title='bbox 682 1386 738 1415; x_wconf 88' lang='lat' dir='ltr'>sec.</span> 
     </span>
     <span class='ocr_line' id='line_1_18' title="bbox 67 1433 866 1475; baseline 0.009 -14"><span class='ocrx_word' id='word_1_110' title='bbox 67 1433 102 1475; x_wconf 80' lang='lat' dir='ltr'>se</span> <span class='ocrx_word' id='word_1_111' title='bbox 119 1433 146 1462; x_wconf 76' lang='lat' dir='ltr'>in</span> <span class='ocrx_word' id='word_1_112' title='bbox 157 1440 191 1474; x_wconf 87' lang='lat' dir='ltr'>p.</span> <span class='ocrx_word' id='word_1_113' title='bbox 211 1438 283 1462; x_wconf 85' lang='lat' dir='ltr'>tert.</span> <span class='ocrx_word' id='word_1_114' title='bbox 330 1433 358 1462; x_wconf 81' lang='lat' dir='ltr'>in</span> <span class='ocrx_word' id='word_1_115' title='bbox 372 1435 463 1474; x_wconf 72' lang='lat' dir='ltr'>portis</span> <span class='ocrx_word' id='word_1_116' title='bbox 481 1433 564 1465; x_wconf 84' lang='lat' dir='ltr'>Gud.</span> <span class='ocrx_word' id='word_1_117' title='bbox 585 1446 656 1466; x_wconf 83' lang='lat' dir='ltr'>cum</span> <span class='ocrx_word' id='word_1_118' title='bbox 674 1436 774 1467; x_wconf 77' lang='lat' dir='ltr'>tribus</span> <span class='ocrx_word' id='word_1_119' title='bbox 789 1437 866 1469; x_wconf 80' lang='lat' dir='ltr'>aliis.</span> 
     </span>
    </p>
   </div>
   <div class='ocr_carea' id='block_1_14' title="bbox 52 1557 694 2851">
    <p class='ocr_par' dir='ltr' id='par_1_14' title="bbox 52 1557 694 2851">
     <span class='ocr_line' id='line_1_19' title="bbox 68 1557 693 1613; baseline 0.013 -19"><span class='ocrx_word' id='word_1_120' title='bbox 68 1557 135 1602; x_wconf 66' lang='lat' dir='ltr'>,be‚</span> <span class='ocrx_word' id='word_1_121' title='bbox 155 1560 286 1609; x_wconf 82' lang='lat' dir='ltr'>portis;</span> <span class='ocrx_word' id='word_1_122' title='bbox 315 1573 359 1598; x_wconf 80' lang='lat' dir='ltr'>ex</span> <span class='ocrx_word' id='word_1_123' title='bbox 380 1575 477 1600; x_wconf 84' lang='lat' dir='ltr'>more</span> <span class='ocrx_word' id='word_1_124' title='bbox 497 1563 665 1613; x_wconf 84' lang='lat' dir='ltr'>loquendi</span> <span class='ocrx_word' id='word_1_125' title='bbox 683 1578 693 1610; x_wconf 81' lang='lat'>3</span> 
     </span>
     <span class='ocr_line' id='line_1_20' title="bbox 75 1613 694 1666; baseline 0.013 -20"><span class='ocrx_word' id='word_1_126' title='bbox 75 1622 163 1654; x_wconf 87' lang='lat' dir='ltr'>non,</span> <span class='ocrx_word' id='word_1_127' title='bbox 191 1624 272 1660; x_wconf 91' lang='lat' dir='ltr'>pro,</span> <span class='ocrx_word' id='word_1_128' title='bbox 305 1613 429 1650; x_wconf 81' lang='lat' dir='ltr'>muris.</span> <span class='ocrx_word' id='word_1_129' title='bbox 488 1617 573 1666; x_wconf 71' lang='lat'>835.</span> <span class='ocrx_word' id='word_1_130' title='bbox 608 1618 694 1655; x_wconf 67' lang='grc'><strong>886.</strong></span> 
     </span>
     <span class='ocr_line' id='line_1_21' title="bbox 75 1660 694 1708; baseline 0.011 -11"><span class='ocrx_word' id='word_1_131' title='bbox 75 1660 200 1700; x_wconf 84' lang='lat' dir='ltr'>Paullo</span> <span class='ocrx_word' id='word_1_132' title='bbox 221 1663 411 1701; x_wconf 88' lang='lat' dir='ltr'>obscurum</span> <span class='ocrx_word' id='word_1_133' title='bbox 432 1666 494 1708; x_wconf 85' lang='lat' dir='ltr'>est,</span> <span class='ocrx_word' id='word_1_134' title='bbox 522 1667 594 1703; x_wconf 84' lang='lat' dir='ltr'>utri</span> <span class='ocrx_word' id='word_1_135' title='bbox 627 1668 694 1704; x_wconf 85' lang='lat' dir='ltr'>fint</span> 
     </span>
     <span class='ocr_line' id='line_1_22' title="bbox 72 1715 692 1766; baseline 0.011 -17"><span class='ocrx_word' id='word_1_136' title='bbox 72 1715 278 1757; x_wconf 67' lang='lat' dir='ltr'><em>defendentes</em></span> <span class='ocrx_word' id='word_1_137' title='bbox 306 1725 341 1751; x_wconf 81' lang='lat' dir='ltr'>et</span> <span class='ocrx_word' id='word_1_138' title='bbox 360 1728 497 1754; x_wconf 73' lang='lat' dir='ltr'>ruenles.</span> <span class='ocrx_word' id='word_1_139' title='bbox 554 1718 593 1755; x_wconf 79' lang='lat' dir='ltr'>Si</span> <span class='ocrx_word' id='word_1_140' title='bbox 625 1719 692 1766; x_wconf 76' lang='lat' dir='ltr'>illi,</span> 
     </span>
     <span class='ocr_line' id='line_1_23' title="bbox 71 1759 692 1819; baseline 0.01 -18"><span class='ocrx_word' id='word_1_141' title='bbox 71 1759 134 1814; x_wconf 76' lang='lat' dir='ltr'>qui</span> <span class='ocrx_word' id='word_1_142' title='bbox 154 1765 299 1816; x_wconf 89' lang='lat' dir='ltr'>fugiunt</span> <span class='ocrx_word' id='word_1_143' title='bbox 319 1778 353 1804; x_wconf 91' lang='lat' dir='ltr'>et</span> <span class='ocrx_word' id='word_1_144' title='bbox 381 1768 444 1817; x_wconf 86' lang='lat' dir='ltr'>qui</span> <span class='ocrx_word' id='word_1_145' title='bbox 480 1769 692 1819; x_wconf 81' lang='lat' dir='ltr'>persequun-</span> 
     </span>
     <span class='ocr_line' id='line_1_24' title="bbox 71 1817 688 1867; baseline 0.01 -14"><span class='ocrx_word' id='word_1_146' title='bbox 71 1825 129 1854; x_wconf 87' lang='lat' dir='ltr'>tur</span> <span class='ocrx_word' id='word_1_147' title='bbox 146 1817 345 1867; x_wconf 84' lang='lat' dir='ltr'>fugientes,</span> <span class='ocrx_word' id='word_1_148' title='bbox 377 1818 494 1856; x_wconf 87' lang='lat' dir='ltr'>sensus</span> <span class='ocrx_word' id='word_1_149' title='bbox 514 1821 609 1857; x_wconf 82' lang='lat' dir='ltr'>haud</span> <span class='ocrx_word' id='word_1_150' title='bbox 627 1835 688 1859; x_wconf 87' lang='lat' dir='ltr'>ex-</span> 
     </span>
     <span class='ocr_line' id='line_1_25' title="bbox 70 1868 690 1919; baseline 0.01 -15"><span class='ocrx_word' id='word_1_151' title='bbox 70 1868 188 1917; x_wconf 90' lang='lat' dir='ltr'>pediri</span> <span class='ocrx_word' id='word_1_152' title='bbox 208 1870 332 1919; x_wconf 88' lang='lat' dir='ltr'>potest.</span> <span class='ocrx_word' id='word_1_153' title='bbox 366 1871 447 1907; x_wconf 90' lang='lat' dir='ltr'>Nec</span> <span class='ocrx_word' id='word_1_154' title='bbox 466 1872 527 1907; x_wconf 80' lang='lat' dir='ltr'>lux</span> <span class='ocrx_word' id='word_1_155' title='bbox 547 1873 591 1908; x_wconf 88' lang='lat' dir='ltr'>ab</span> <span class='ocrx_word' id='word_1_156' title='bbox 610 1874 690 1910; x_wconf 86' lang='lat' dir='ltr'>Ser-</span> 
     </span>
     <span class='ocr_line' id='line_1_26' title="bbox 70 1918 687 1972; baseline 0.01 -16"><span class='ocrx_word' id='word_1_157' title='bbox 70 1918 130 1956; x_wconf 89' lang='lat' dir='ltr'>vio</span> <span class='ocrx_word' id='word_1_158' title='bbox 148 1920 296 1971; x_wconf 86' lang='lat' dir='ltr'>aliisque</span> <span class='ocrx_word' id='word_1_159' title='bbox 313 1922 544 1972; x_wconf 62' lang='lat' dir='ltr'>expefianda.</span> <span class='ocrx_word' id='word_1_160' title='bbox 592 1924 687 1962; x_wconf 87' lang='lat' dir='ltr'><strong>Sim-</strong></span> 
     </span>
     <span class='ocr_line' id='line_1_27' title="bbox 67 1970 688 2023; baseline 0.01 -16"><span class='ocrx_word' id='word_1_161' title='bbox 67 1970 296 2021; x_wconf 85' lang='lat' dir='ltr'>plicissimum</span> <span class='ocrx_word' id='word_1_162' title='bbox 329 1974 405 2023; x_wconf 82' lang='lat' dir='ltr'>post</span> <span class='ocrx_word' id='word_1_163' title='bbox 439 1974 509 2010; x_wconf 84' lang='lat' dir='ltr'>alia</span> <span class='ocrx_word' id='word_1_164' title='bbox 554 1985 688 2014; x_wconf 83' lang='lat' dir='ltr'>tentata</span> 
     </span>
     <span class='ocr_line' id='line_1_28' title="bbox 65 2022 687 2076; baseline 0.011 -18"><span class='ocrx_word' id='word_1_165' title='bbox 65 2022 134 2061; x_wconf 91' lang='lat' dir='ltr'>hoc</span> <span class='ocrx_word' id='word_1_166' title='bbox 153 2023 219 2061; x_wconf 81' lang='lat' dir='ltr'>effe</span> <span class='ocrx_word' id='word_1_167' title='bbox 236 2023 415 2061; x_wconf 88' lang='lat' dir='ltr'>arbitror:</span> <span class='ocrx_word' id='word_1_168' title='bbox 436 2025 496 2075; x_wconf 87' lang='lat' dir='ltr'>agi</span> <span class='ocrx_word' id='word_1_169' title='bbox 513 2026 558 2062; x_wconf 91' lang='lat' dir='ltr'>de</span> <span class='ocrx_word' id='word_1_170' title='bbox 575 2028 687 2076; x_wconf 88' lang='lat' dir='ltr'>portis</span> 
     </span>
     <span class='ocr_line' id='line_1_29' title="bbox 65 2075 684 2119; baseline 0.01 -9"><span class='ocrx_word' id='word_1_171' title='bbox 65 2075 228 2112; x_wconf 88' lang='lat' dir='ltr'>nondum</span> <span class='ocrx_word' id='word_1_172' title='bbox 240 2075 377 2119; x_wconf 85' lang='lat' dir='ltr'>claufis,</span> <span class='ocrx_word' id='word_1_173' title='bbox 392 2076 449 2113; x_wconf 90' lang='lat' dir='ltr'>sed</span> <span class='ocrx_word' id='word_1_174' title='bbox 464 2078 684 2116; x_wconf 76' lang='lat' dir='ltr'>claudendis.</span> 
     </span>
     <span class='ocr_line' id='line_1_30' title="bbox 68 2124 685 2179; baseline 0.006 -17"><span class='ocrx_word' id='word_1_175' title='bbox 68 2124 166 2163; x_wconf 85' lang='lat' dir='ltr'>Dum</span> <span class='ocrx_word' id='word_1_176' title='bbox 186 2126 223 2162; x_wconf 88' lang='lat' dir='ltr'>in</span> <span class='ocrx_word' id='word_1_177' title='bbox 241 2139 284 2163; x_wconf 92' lang='lat' dir='ltr'>eo</span> <span class='ocrx_word' id='word_1_178' title='bbox 316 2127 397 2165; x_wconf 89' lang='lat' dir='ltr'>sunt</span> <span class='ocrx_word' id='word_1_179' title='bbox 425 2129 615 2179; x_wconf 82' lang='lat' dir='ltr'>oppidani,</span> <span class='ocrx_word' id='word_1_180' title='bbox 647 2141 685 2167; x_wconf 86' lang='lat' dir='ltr'>ut</span> 
     </span>
     <span class='ocr_line' id='line_1_31' title="bbox 63 2178 686 2227; baseline 0.006 -13"><span class='ocrx_word' id='word_1_181' title='bbox 63 2188 183 2227; x_wconf 85' lang='lat' dir='ltr'>portas</span> <span class='ocrx_word' id='word_1_182' title='bbox 210 2178 394 2223; x_wconf 86' lang='lat' dir='ltr'>claudant,</span> <span class='ocrx_word' id='word_1_183' title='bbox 425 2193 510 2217; x_wconf 88' lang='lat' dir='ltr'>ecce</span> <span class='ocrx_word' id='word_1_184' title='bbox 542 2180 686 2219; x_wconf 87' lang='lat' dir='ltr'>irruunt</span> 
     </span>
     <span class='ocr_line' id='line_1_32' title="bbox 61 2229 683 2281; baseline 0.008 -16"><span class='ocrx_word' id='word_1_185' title='bbox 61 2230 174 2279; x_wconf 88' lang='lat' dir='ltr'>primi</span> <span class='ocrx_word' id='word_1_186' title='bbox 193 2229 384 2280; x_wconf 83' lang='lat' dir='ltr'>fugientes,</span> <span class='ocrx_word' id='word_1_187' title='bbox 407 2244 495 2281; x_wconf 87' lang='lat' dir='ltr'>quos</span> <span class='ocrx_word' id='word_1_188' title='bbox 514 2233 567 2269; x_wconf 90' lang='lat' dir='ltr'>isti</span> <span class='ocrx_word' id='word_1_189' title='bbox 585 2234 683 2270; x_wconf 84' lang='lat' dir='ltr'>acci-</span> 
     </span>
     <span class='ocr_line' id='line_1_33' title="bbox 61 2281 683 2331; baseline 0.01 -14"><span class='ocrx_word' id='word_1_190' title='bbox 61 2293 146 2331; x_wconf 84' lang='lat' dir='ltr'>pere</span> <span class='ocrx_word' id='word_1_191' title='bbox 163 2281 256 2318; x_wconf 81' lang='lat' dir='ltr'>intra</span> <span class='ocrx_word' id='word_1_192' title='bbox 270 2281 393 2319; x_wconf 89' lang='lat' dir='ltr'>urbem</span> <span class='ocrx_word' id='word_1_193' title='bbox 410 2284 550 2322; x_wconf 87' lang='lat' dir='ltr'>nolunt.</span> <span class='ocrx_word' id='word_1_194' title='bbox 580 2283 618 2320; x_wconf 85' lang='lat' dir='ltr'><strong>H</strong></span> <span class='ocrx_word' id='word_1_195' title='bbox 625 2285 683 2323; x_wconf 89' lang='lat' dir='ltr'>inc</span> 
     </span>
     <span class='ocr_line' id='line_1_34' title="bbox 61 2333 679 2384; baseline 0.008 -16"><span class='ocrx_word' id='word_1_196' title='bbox 61 2333 179 2369; x_wconf 86' lang='lat' dir='ltr'>oritur</span> <span class='ocrx_word' id='word_1_197' title='bbox 220 2334 334 2370; x_wconf 86' lang='lat' dir='ltr'>caedes</span> <span class='ocrx_word' id='word_1_198' title='bbox 367 2335 501 2384; x_wconf 82' lang='lat' dir='ltr'>partim</span> <span class='ocrx_word' id='word_1_199' title='bbox 538 2349 679 2381; x_wconf 85' lang='lat' dir='ltr'>eorum,</span> 
     </span>
     <span class='ocr_line' id='line_1_35' title="bbox 59 2383 676 2437; baseline 0.003 -18"><span class='ocrx_word' id='word_1_200' title='bbox 59 2383 124 2434; x_wconf 89' lang='lat' dir='ltr'>qui</span> <span class='ocrx_word' id='word_1_201' title='bbox 145 2384 180 2420; x_wconf 92' lang='lat' dir='ltr'>vi</span> <span class='ocrx_word' id='word_1_202' title='bbox 198 2384 243 2420; x_wconf 86' lang='lat' dir='ltr'>ab</span> <span class='ocrx_word' id='word_1_203' title='bbox 269 2385 421 2433; x_wconf 71' lang='lat' dir='ltr'>ingressu</span> <span class='ocrx_word' id='word_1_204' title='bbox 450 2395 563 2436; x_wconf 80' lang='lat' dir='ltr'>portae</span> <span class='ocrx_word' id='word_1_205' title='bbox 581 2387 676 2437; x_wconf 84' lang='lat' dir='ltr'>fugi-</span> 
     </span>
     <span class='ocr_line' id='line_1_36' title="bbox 58 2435 677 2488; baseline 0.01 -17"><span class='ocrx_word' id='word_1_206' title='bbox 58 2445 155 2472; x_wconf 87' lang='lat' dir='ltr'>entes</span> <span class='ocrx_word' id='word_1_207' title='bbox 174 2435 362 2486; x_wconf 87' lang='lat' dir='ltr'>prohibere</span> <span class='ocrx_word' id='word_1_208' title='bbox 377 2438 518 2483; x_wconf 86' lang='lat' dir='ltr'>volunt,</span> <span class='ocrx_word' id='word_1_209' title='bbox 546 2441 677 2488; x_wconf 88' lang='lat' dir='ltr'>partim</span> 
     </span>
     <span class='ocr_line' id='line_1_37' title="bbox 58 2487 677 2538; baseline 0.008 -15"><span class='ocrx_word' id='word_1_210' title='bbox 58 2499 199 2530; x_wconf 88' lang='lat' dir='ltr'>eorum,</span> <span class='ocrx_word' id='word_1_211' title='bbox 231 2487 294 2538; x_wconf 87' lang='lat' dir='ltr'>qui</span> <span class='ocrx_word' id='word_1_212' title='bbox 314 2487 349 2524; x_wconf 84' lang='lat' dir='ltr'>vi</span> <span class='ocrx_word' id='word_1_213' title='bbox 367 2488 570 2538; x_wconf 87' lang='lat' dir='ltr'>irrumpunt</span> <span class='ocrx_word' id='word_1_214' title='bbox 587 2501 621 2527; x_wconf 92' lang='lat' dir='ltr'>et</span> <span class='ocrx_word' id='word_1_215' title='bbox 640 2491 677 2528; x_wconf 89' lang='lat' dir='ltr'>in</span> 
     </span>
     <span class='ocr_line' id='line_1_38' title="bbox 59 2538 679 2580; baseline 0.01 -6"><span class='ocrx_word' id='word_1_216' title='bbox 59 2538 248 2576; x_wconf 69' lang='lat' dir='ltr'>resistentes</span> <span class='ocrx_word' id='word_1_217' title='bbox 282 2538 437 2578; x_wconf 86' lang='lat' dir='ltr'>irruunt.</span> <span class='ocrx_word' id='word_1_218' title='bbox 494 2544 580 2579; x_wconf 81' lang='lat'>888.</span> <span class='ocrx_word' id='word_1_219' title='bbox 620 2559 679 2580; x_wconf 85' lang='lat' dir='ltr'>ur-</span> 
     </span>
     <span class='ocr_line' id='line_1_39' title="bbox 52 2589 678 2641; baseline 0.006 -15"><span class='ocrx_word' id='word_1_220' title='bbox 52 2601 151 2641; x_wconf 73' lang='lat' dir='ltr'>gente</span> <span class='ocrx_word' id='word_1_221' title='bbox 168 2597 267 2628; x_wconf 83' lang='lat' dir='ltr'>ruina</span> <span class='ocrx_word' id='word_1_222' title='bbox 295 2589 379 2633; x_wconf 79' lang='lat' dir='ltr'>soli,</span> <span class='ocrx_word' id='word_1_223' title='bbox 408 2601 447 2628; x_wconf 87' lang='lat' dir='ltr'>ut</span> <span class='ocrx_word' id='word_1_224' title='bbox 477 2592 517 2629; x_wconf 86' lang='lat' dir='ltr'>fit</span> <span class='ocrx_word' id='word_1_225' title='bbox 548 2593 585 2629; x_wconf 88' lang='lat' dir='ltr'>in</span> <span class='ocrx_word' id='word_1_226' title='bbox 614 2607 678 2630; x_wconf 83' lang='lat' dir='ltr'>ora</span> 
     </span>
     <span class='ocr_line' id='line_1_40' title="bbox 57 2641 677 2691; baseline 0.008 -14"><span class='ocrx_word' id='word_1_227' title='bbox 57 2643 116 2678; x_wconf 86' lang='lat' dir='ltr'>seu</span> <span class='ocrx_word' id='word_1_228' title='bbox 135 2641 298 2691; x_wconf 86' lang='lat' dir='ltr'>margine</span> <span class='ocrx_word' id='word_1_229' title='bbox 330 2641 512 2688; x_wconf 75' lang='lat' dir='ltr'>fossarum,</span> <span class='ocrx_word' id='word_1_230' title='bbox 540 2654 579 2681; x_wconf 92' lang='lat' dir='ltr'>ut</span> <span class='ocrx_word' id='word_1_231' title='bbox 598 2656 677 2682; x_wconf 86' lang='lat' dir='ltr'>ruat</span> 
     </span>
     <span class='ocr_line' id='line_1_41' title="bbox 57 2691 676 2745; baseline 0.006 -17"><span class='ocrx_word' id='word_1_232' title='bbox 57 2692 171 2730; x_wconf 87' lang='lat' dir='ltr'>solum</span> <span class='ocrx_word' id='word_1_233' title='bbox 185 2704 220 2729; x_wconf 90' lang='lat' dir='ltr'>et</span> <span class='ocrx_word' id='word_1_234' title='bbox 238 2691 392 2731; x_wconf 84' lang='lat' dir='ltr'>fatiscat.</span> <span class='ocrx_word' id='word_1_235' title='bbox 447 2697 499 2732; x_wconf 87' lang='lat' dir='ltr'>At</span> <span class='ocrx_word' id='word_1_236' title='bbox 517 2696 591 2745; x_wconf 91' lang='lat' dir='ltr'>Jul.</span> <span class='ocrx_word' id='word_1_237' title='bbox 613 2698 676 2734; x_wconf 86' lang='lat' dir='ltr'>Sa-</span> 
     </span>
     <span class='ocr_line' id='line_1_42' title="bbox 56 2743 674 2787; baseline 0.011 -7"><span class='ocrx_word' id='word_1_238' title='bbox 56 2743 164 2781; x_wconf 84' lang='lat' dir='ltr'>binus</span> <span class='ocrx_word' id='word_1_239' title='bbox 202 2743 340 2781; x_wconf 89' lang='lat' dir='ltr'>ruinam</span> <span class='ocrx_word' id='word_1_240' title='bbox 374 2745 579 2785; x_wconf 83' lang='lat' dir='ltr'>cadentium</span> <span class='ocrx_word' id='word_1_241' title='bbox 618 2748 674 2787; x_wconf 83' lang='lat' dir='ltr'>iu-</span> 
     </span>
     <span class='ocr_line' id='line_1_43' title="bbox 59 2796 623 2851; baseline 0.011 -18"><span class='ocrx_word' id='word_1_242' title='bbox 59 2803 294 2848; x_wconf 72' lang='lat' dir='ltr'>terpretatu15</span> <span class='ocrx_word' id='word_1_243' title='bbox 321 2796 368 2835; x_wconf 87' lang='lat' dir='ltr'>fic</span> <span class='ocrx_word' id='word_1_244' title='bbox 385 2811 528 2851; x_wconf 84' lang='lat' dir='ltr'>quoque</span> <span class='ocrx_word' id='word_1_245' title='bbox 544 2800 623 2840; x_wconf 81' lang='lat' dir='ltr'>alii.</span> 
     </span>
    </p>
   </div>
   <div class='ocr_carea' id='block_1_15' title="bbox 741 1403 824 1410">
    <p class='ocr_par' dir='ltr' id='par_1_15' title="bbox 741 1403 824 1410">
     <span class='ocr_line' id='line_1_44' title="bbox 741 1403 824 1410; baseline 0 0"><span class='ocrx_word' id='word_1_246' title='bbox 741 1403 824 1410; x_wconf 95' lang='lat' dir='ltr'> </span> 
     </span>
    </p>
   </div>
   <div class='ocr_carea' id='block_1_16' title="bbox 542 1334 1393 1380">
    <p class='ocr_par' dir='ltr' id='par_1_16' title="bbox 542 1334 1393 1380">
     <span class='ocr_line' id='line_1_45' title="bbox 542 1334 1393 1380; baseline 0.005 -16"><span class='ocrx_word' id='word_1_247' title='bbox 542 1334 616 1373; x_wconf 81' lang='lat'>887.</span> <span class='ocrx_word' id='word_1_248' title='bbox 641 1336 837 1367; x_wconf 68' lang='lat' dir='ltr'>lacrimantum</span> <span class='ocrx_word' id='word_1_249' title='bbox 847 1347 911 1368; x_wconf 74' lang='lat' dir='ltr'>ante</span> <span class='ocrx_word' id='word_1_250' title='bbox 922 1350 970 1368; x_wconf 69' lang='lat' dir='ltr'>ora</span> <span class='ocrx_word' id='word_1_251' title='bbox 981 1348 1016 1380; x_wconf 89' lang='lat' dir='ltr'>p.</span> <span class='ocrx_word' id='word_1_252' title='bbox 1032 1338 1185 1368; x_wconf 80' lang='lat' dir='ltr'>concinna</span> <span class='ocrx_word' id='word_1_253' title='bbox 1201 1338 1393 1379; x_wconf 75' lang='lat' dir='ltr'>repetitione</span> 
     </span>
    </p>
   </div>
   <div class='ocr_carea' id='block_1_17' title="bbox 829 1387 1392 1482">
    <p class='ocr_par' dir='ltr' id='par_1_17' title="bbox 829 1387 1392 1482">
     <span class='ocr_line' id='line_1_46' title="bbox 829 1387 1392 1428; baseline 0.004 -10"><span class='ocrx_word' id='word_1_254' title='bbox 829 1387 901 1428; x_wconf 86' lang='lat'><em>890.</em></span> <span class='ocrx_word' id='word_1_255' title='bbox 925 1389 1044 1419; x_wconf 48' lang='lat' dir='ltr'>Arci-&#39;mc</span> <span class='ocrx_word' id='word_1_256' title='bbox 1062 1389 1161 1419; x_wconf 78' lang='lat' dir='ltr'>Goth.</span> <span class='ocrx_word' id='word_1_257' title='bbox 1190 1389 1250 1420; x_wconf 87' lang='lat' dir='ltr'>sec.</span> <span class='ocrx_word' id='word_1_258' title='bbox 1297 1390 1392 1420; x_wconf 73' lang='lat' dir='ltr'>Arm</span> 
     </span>
     <span class='ocr_line' id='line_1_47' title="bbox 958 1438 1387 1482; baseline 0.002 -11"><span class='ocrx_word' id='word_1_259' title='bbox 958 1438 1030 1481; x_wconf 83' lang='lat'>892.</span> <span class='ocrx_word' id='word_1_260' title='bbox 1050 1440 1158 1482; x_wconf 71' lang='lat' dir='ltr'>Constat</span> <span class='ocrx_word' id='word_1_261' title='bbox 1173 1439 1253 1470; x_wconf 73' lang='lat' dir='ltr'>alter</span> <span class='ocrx_word' id='word_1_262' title='bbox 1268 1439 1387 1472; x_wconf 67' lang='lat' dir='ltr'>mamb.</span> 
     </span>
    </p>
   </div>
   <div class='ocr_carea' id='block_1_18' title="bbox 1317 1502 1392 1521">
    <p class='ocr_par' dir='ltr' id='par_1_18' title="bbox 1317 1502 1392 1521">
     <span class='ocr_line' id='line_1_48' title="bbox 1317 1502 1392 1521; baseline 0 0"><span class='ocrx_word' id='word_1_263' title='bbox 1317 1502 1392 1521; x_wconf 55' lang='lat' dir='ltr'>anto-³</span> 
     </span>
    </p>
   </div>
   <div class='ocr_carea' id='block_1_19' title="bbox 870 1455 955 1462">
    <p class='ocr_par' dir='ltr' id='par_1_19' title="bbox 870 1455 955 1462">
     <span class='ocr_line' id='line_1_49' title="bbox 870 1455 955 1462; baseline 0 1851"><span class='ocrx_word' id='word_1_264' title='bbox 870 1455 955 1462; x_wconf 95' lang='lat' dir='ltr'> </span> 
     </span>
    </p>
   </div>
   <div class='ocr_carea' id='block_1_20' title="bbox 723 1568 1386 2841">
    <p class='ocr_par' dir='ltr' id='par_1_20' title="bbox 723 1568 1386 2841">
     <span class='ocr_line' id='line_1_50' title="bbox 812 1568 1386 1617; baseline 0.005 -13"><span class='ocrx_word' id='word_1_265' title='bbox 812 1569 898 1617; x_wconf 78' lang='lat'>391.</span> <span class='ocrx_word' id='word_1_266' title='bbox 945 1569 1126 1606; x_wconf 56' lang='lat' dir='ltr'>Affifium</span> <span class='ocrx_word' id='word_1_267' title='bbox 1172 1568 1386 1608; x_wconf 78' lang='lat' dir='ltr'>Latinarum</span> 
     </span>
     <span class='ocr_line' id='line_1_51' title="bbox 758 1621 1384 1671; baseline 0.011 -18"><span class='ocrx_word' id='word_1_268' title='bbox 758 1630 999 1657; x_wconf 75' lang='lat' dir='ltr'>matronarum</span> <span class='ocrx_word' id='word_1_269' title='bbox 1022 1634 1067 1658; x_wconf 79' lang='lat' dir='ltr'>ex</span> <span class='ocrx_word' id='word_1_270' title='bbox 1089 1622 1158 1657; x_wconf 84' lang='lat' dir='ltr'>hoc</span> <span class='ocrx_word' id='word_1_271' title='bbox 1180 1621 1384 1671; x_wconf 63' lang='lat' dir='ltr'>profeftum</span> 
     </span>
     <span class='ocr_line' id='line_1_52' title="bbox 757 1670 1384 1722; baseline 0.006 -17"><span class='ocrx_word' id='word_1_272' title='bbox 757 1670 877 1706; x_wconf 83' lang='lat' dir='ltr'>dicere</span> <span class='ocrx_word' id='word_1_273' title='bbox 908 1673 1038 1708; x_wconf 75' lang='lat' dir='ltr'>necesse</span> <span class='ocrx_word' id='word_1_274' title='bbox 1072 1673 1133 1714; x_wconf 86' lang='lat' dir='ltr'>est,</span> <span class='ocrx_word' id='word_1_275' title='bbox 1180 1673 1278 1722; x_wconf 89' lang='lat' dir='ltr'>quod</span> <span class='ocrx_word' id='word_1_276' title='bbox 1310 1673 1384 1709; x_wconf 88' lang='lat' dir='ltr'>Ca-</span> 
     </span>
     <span class='ocr_line' id='line_1_53' title="bbox 758 1720 1381 1773; baseline 0.005 -15"><span class='ocrx_word' id='word_1_277' title='bbox 758 1720 870 1758; x_wconf 83' lang='lat' dir='ltr'>millae</span> <span class='ocrx_word' id='word_1_278' title='bbox 903 1736 1031 1773; x_wconf 78' lang='lat' dir='ltr'>corpus</span> <span class='ocrx_word' id='word_1_279' title='bbox 1068 1723 1300 1773; x_wconf 82' lang='lat' dir='ltr'>deportatum</span> <span class='ocrx_word' id='word_1_280' title='bbox 1337 1737 1381 1762; x_wconf 77' lang='lat' dir='ltr'>ex</span> 
     </span>
     <span class='ocr_line' id='line_1_54' title="bbox 757 1775 1381 1826; baseline 0.008 -18"><span class='ocrx_word' id='word_1_281' title='bbox 757 1786 877 1822; x_wconf 83' lang='lat' dir='ltr'>pugna</span> <span class='ocrx_word' id='word_1_282' title='bbox 893 1775 1135 1825; x_wconf 82' lang='lat' dir='ltr'>conspiciunt.</span> <span class='ocrx_word' id='word_1_283' title='bbox 1165 1775 1284 1826; x_wconf 83' lang='lat' dir='ltr'>Qam</span> <span class='ocrx_word' id='word_1_284' title='bbox 1298 1789 1381 1813; x_wconf 86' lang='lat' dir='ltr'>curn</span> 
     </span>
     <span class='ocr_line' id='line_1_55' title="bbox 754 1824 1381 1872; baseline 0.01 -13"><span class='ocrx_word' id='word_1_285' title='bbox 754 1837 820 1872; x_wconf 87' lang='lat' dir='ltr'>pro</span> <span class='ocrx_word' id='word_1_286' title='bbox 842 1824 1054 1864; x_wconf 78' lang='lat' dir='ltr'>Latinorum</span> <span class='ocrx_word' id='word_1_287' title='bbox 1075 1826 1185 1862; x_wconf 75' lang='lat' dir='ltr'>salute</span> <span class='ocrx_word' id='word_1_288' title='bbox 1209 1827 1381 1865; x_wconf 72' lang='lat' dir='ltr'>cedidisse</span> 
     </span>
     <span class='ocr_line' id='line_1_56' title="bbox 753 1876 1378 1928; baseline 0.006 -17"><span class='ocrx_word' id='word_1_289' title='bbox 753 1876 917 1921; x_wconf 79' lang='lat' dir='ltr'>videant,</span> <span class='ocrx_word' id='word_1_290' title='bbox 955 1877 1038 1926; x_wconf 70' lang='lat' dir='ltr'>ipsa:</span> <span class='ocrx_word' id='word_1_291' title='bbox 1072 1877 1204 1928; x_wconf 85' lang='lat' dir='ltr'>partim</span> <span class='ocrx_word' id='word_1_292' title='bbox 1234 1877 1378 1915; x_wconf 73' lang='lat' dir='ltr'>misera-</span> 
     </span>
     <span class='ocr_line' id='line_1_57' title="bbox 753 1926 1377 1979; baseline 0.006 -17"><span class='ocrx_word' id='word_1_293' title='bbox 753 1926 852 1963; x_wconf 88' lang='lat' dir='ltr'>tione</span> <span class='ocrx_word' id='word_1_294' title='bbox 878 1928 1009 1976; x_wconf 84' lang='lat' dir='ltr'>partim</span> <span class='ocrx_word' id='word_1_295' title='bbox 1039 1929 1163 1979; x_wconf 72' lang='lat' dir='ltr'>patriae</span> <span class='ocrx_word' id='word_1_296' title='bbox 1181 1929 1377 1966; x_wconf 74' lang='lat' dir='ltr'>defenden-</span> 
     </span>
     <span class='ocr_line' id='line_1_58' title="bbox 752 1978 1376 2019; baseline 0.008 -5"><span class='ocrx_word' id='word_1_297' title='bbox 752 1978 807 2014; x_wconf 84' lang='lat' dir='ltr'>dae</span> <span class='ocrx_word' id='word_1_298' title='bbox 819 1979 934 2015; x_wconf 88' lang='lat' dir='ltr'>studio</span> <span class='ocrx_word' id='word_1_299' title='bbox 946 1979 1192 2017; x_wconf 70' lang='lat' dir='ltr'>inflammanti]</span> <span class='ocrx_word' id='word_1_300' title='bbox 1200 1994 1226 2018; x_wconf 89' lang='lat' dir='ltr'>r.</span> <span class='ocrx_word' id='word_1_301' title='bbox 1246 1980 1304 2017; x_wconf 88' lang='lat' dir='ltr'>De</span> <span class='ocrx_word' id='word_1_302' title='bbox 1314 1982 1376 2019; x_wconf 85' lang='lat' dir='ltr'>de-</span> 
     </span>
     <span class='ocr_line' id='line_1_59' title="bbox 751 2030 1375 2083; baseline 0.006 -18"><span class='ocrx_word' id='word_1_303' title='bbox 751 2040 894 2079; x_wconf 84' lang='lat' dir='ltr'>portato</span> <span class='ocrx_word' id='word_1_304' title='bbox 914 2030 1059 2079; x_wconf 80' lang='lat' dir='ltr'>quidem</span> <span class='ocrx_word' id='word_1_305' title='bbox 1073 2045 1117 2068; x_wconf 83' lang='lat' dir='ltr'>ex</span> <span class='ocrx_word' id='word_1_306' title='bbox 1131 2032 1208 2068; x_wconf 87' lang='lat' dir='ltr'>acie</span> <span class='ocrx_word' id='word_1_307' title='bbox 1225 2046 1375 2083; x_wconf 86' lang='lat' dir='ltr'>corpore</span> 
     </span>
     <span class='ocr_line' id='line_1_60' title="bbox 751 2080 1373 2131; baseline 0.006 -15"><span class='ocrx_word' id='word_1_308' title='bbox 751 2080 842 2117; x_wconf 85' lang='lat' dir='ltr'>nihil</span> <span class='ocrx_word' id='word_1_309' title='bbox 879 2081 1012 2131; x_wconf 81' lang='lat' dir='ltr'>adjecit</span> <span class='ocrx_word' id='word_1_310' title='bbox 1047 2083 1267 2127; x_wconf 75' lang='lat' dir='ltr'>narrationi;</span> <span class='ocrx_word' id='word_1_311' title='bbox 1311 2098 1373 2120; x_wconf 88' lang='lat' dir='ltr'>ne-</span> 
     </span>
     <span class='ocr_line' id='line_1_61' title="bbox 751 2133 1375 2186; baseline 0.008 -18"><span class='ocrx_word' id='word_1_312' title='bbox 751 2145 820 2181; x_wconf 85' lang='lat' dir='ltr'>que</span> <span class='ocrx_word' id='word_1_313' title='bbox 850 2133 942 2170; x_wconf 83' lang='lat' dir='ltr'>forte</span> <span class='ocrx_word' id='word_1_314' title='bbox 973 2148 1045 2171; x_wconf 87' lang='lat' dir='ltr'>rem</span> <span class='ocrx_word' id='word_1_315' title='bbox 1074 2136 1120 2171; x_wconf 85' lang='lat' dir='ltr'>fic</span> <span class='ocrx_word' id='word_1_316' title='bbox 1148 2148 1290 2172; x_wconf 83' lang='lat' dir='ltr'>narrare</span> <span class='ocrx_word' id='word_1_317' title='bbox 1307 2149 1375 2186; x_wconf 77' lang='lat' dir='ltr'>po—</span> 
     </span>
     <span class='ocr_line' id='line_1_62' title="bbox 750 2184 1369 2238; baseline 0.015 -21"><span class='ocrx_word' id='word_1_318' title='bbox 750 2184 836 2227; x_wconf 85' lang='lat' dir='ltr'>tuit,</span> <span class='ocrx_word' id='word_1_319' title='bbox 872 2197 954 2221; x_wconf 84' lang='lat' dir='ltr'>curn</span> <span class='ocrx_word' id='word_1_320' title='bbox 986 2186 1062 2236; x_wconf 87' lang='lat' dir='ltr'>sup.</span> <span class='ocrx_word' id='word_1_321' title='bbox 1099 2200 1137 2224; x_wconf 86' lang='lat' dir='ltr'>V.</span> <span class='ocrx_word' id='word_1_322' title='bbox 1169 2200 1255 2238; x_wconf 79' lang='lat'>593.</span> <span class='ocrx_word' id='word_1_323' title='bbox 1298 2201 1369 2238; x_wconf 76' lang='lat'>594</span> 
     </span>
     <span class='ocr_line' id='line_1_63' title="bbox 749 2234 1368 2286; baseline 0.011 -16"><span class='ocrx_word' id='word_1_324' title='bbox 749 2234 869 2272; x_wconf 82' lang='lat' dir='ltr'>Diana</span> <span class='ocrx_word' id='word_1_325' title='bbox 889 2237 1126 2285; x_wconf 51' lang='lat' dir='ltr'>praedixissem</span> <span class='ocrx_word' id='word_1_326' title='bbox 1142 2242 1184 2286; x_wconf 76' lang='lat' dir='ltr'>se</span> <span class='ocrx_word' id='word_1_327' title='bbox 1208 2238 1292 2276; x_wconf 79' lang='lat' dir='ltr'>nube</span> <span class='ocrx_word' id='word_1_328' title='bbox 1309 2256 1368 2277; x_wconf 79' lang='lat' dir='ltr'>ca-</span> 
     </span>
     <span class='ocr_line' id='line_1_64' title="bbox 744 2289 1367 2339; baseline 0.01 -18"><span class='ocrx_word' id='word_1_329' title='bbox 744 2301 799 2322; x_wconf 77' lang='lat' dir='ltr'>va</span> <span class='ocrx_word' id='word_1_330' title='bbox 812 2299 922 2336; x_wconf 69' lang='lat' dir='ltr'>corpus</span> <span class='ocrx_word' id='word_1_331' title='bbox 935 2300 966 2324; x_wconf 81' lang='lat' dir='ltr'>et</span> <span class='ocrx_word' id='word_1_332' title='bbox 978 2305 1076 2326; x_wconf 77' lang='lat' dir='ltr'>arma</span> <span class='ocrx_word' id='word_1_333' title='bbox 1090 2289 1274 2339; x_wconf 54' lang='lat' dir='ltr'>inspoliata?</span> <span class='ocrx_word' id='word_1_334' title='bbox 1293 2292 1367 2327; x_wconf 77' lang='lat' dir='ltr'>Ca-</span> 
     </span>
     <span class='ocr_line' id='line_1_65' title="bbox 747 2338 1366 2390; baseline 0.01 -17"><span class='ocrx_word' id='word_1_335' title='bbox 747 2338 851 2375; x_wconf 75' lang='lat' dir='ltr'>millae</span> <span class='ocrx_word' id='word_1_336' title='bbox 867 2339 990 2376; x_wconf 68' lang='lat' dir='ltr'>tumulo</span> <span class='ocrx_word' id='word_1_337' title='bbox 1001 2343 1058 2390; x_wconf 75' lang='lat' dir='ltr'><em>ff</em></span> <span class='ocrx_word' id='word_1_338' title='bbox 1071 2340 1256 2378; x_wconf 74' lang='lat' dir='ltr'>illaturam.</span> <span class='ocrx_word' id='word_1_339' title='bbox 1312 2342 1366 2379; x_wconf 89' lang='lat' dir='ltr'>Ut</span> 
     </span>
     <span class='ocr_line' id='line_1_66' title="bbox 747 2389 1364 2442; baseline 0.01 -18"><span class='ocrx_word' id='word_1_340' title='bbox 747 2389 790 2424; x_wconf 86' lang='lat' dir='ltr'>ad</span> <span class='ocrx_word' id='word_1_341' title='bbox 813 2400 950 2440; x_wconf 86' lang='lat' dir='ltr'>tempus</span> <span class='ocrx_word' id='word_1_342' title='bbox 970 2405 1099 2441; x_wconf 70' lang='lat' dir='ltr'>pugnae</span> <span class='ocrx_word' id='word_1_343' title='bbox 1129 2402 1162 2428; x_wconf 87' lang='lat' dir='ltr'>et</span> <span class='ocrx_word' id='word_1_344' title='bbox 1197 2393 1364 2442; x_wconf 83' lang='lat' dir='ltr'>prospec-</span> 
     </span>
     <span class='ocr_line' id='line_1_67' title="bbox 742 2441 1364 2494; baseline 0.008 -18"><span class='ocrx_word' id='word_1_345' title='bbox 742 2450 818 2477; x_wconf 86' lang='lat' dir='ltr'>tum</span> <span class='ocrx_word' id='word_1_346' title='bbox 831 2441 875 2478; x_wconf 88' lang='lat' dir='ltr'>de</span> <span class='ocrx_word' id='word_1_347' title='bbox 893 2443 1004 2479; x_wconf 89' lang='lat' dir='ltr'>muris</span> <span class='ocrx_word' id='word_1_348' title='bbox 1022 2443 1187 2479; x_wconf 65' lang='lat' dir='ltr'>Camillae</span> <span class='ocrx_word' id='word_1_349' title='bbox 1202 2457 1364 2494; x_wconf 83' lang='lat' dir='ltr'>pugnan-</span> 
     </span>
     <span class='ocr_line' id='line_1_68' title="bbox 742 2491 1362 2533; baseline 0.01 -6"><span class='ocrx_word' id='word_1_350' title='bbox 742 2491 786 2528; x_wconf 84' lang='lat' dir='ltr'>tis</span> <span class='ocrx_word' id='word_1_351' title='bbox 815 2501 850 2528; x_wconf 90' lang='lat' dir='ltr'>et</span> <span class='ocrx_word' id='word_1_352' title='bbox 869 2494 1116 2531; x_wconf 86' lang='lat' dir='ltr'>occumbentis</span> <span class='ocrx_word' id='word_1_353' title='bbox 1143 2495 1219 2531; x_wconf 78' lang='lat' dir='ltr'>haec</span> <span class='ocrx_word' id='word_1_354' title='bbox 1251 2507 1362 2533; x_wconf 88' lang='lat' dir='ltr'>retra-</span> 
     </span>
     <span class='ocr_line' id='line_1_69' title="bbox 741 2542 1357 2595; baseline 0.006 -16"><span class='ocrx_word' id='word_1_355' title='bbox 741 2542 887 2588; x_wconf 82' lang='lat' dir='ltr'>hantur,</span> <span class='ocrx_word' id='word_1_356' title='bbox 919 2544 980 2581; x_wconf 87' lang='lat' dir='ltr'>vix</span> <span class='ocrx_word' id='word_1_357' title='bbox 1009 2545 1097 2582; x_wconf 84' lang='lat' dir='ltr'>bene</span> <span class='ocrx_word' id='word_1_358' title='bbox 1127 2545 1200 2582; x_wconf 79' lang='lat' dir='ltr'>fieri</span> <span class='ocrx_word' id='word_1_359' title='bbox 1231 2549 1357 2595; x_wconf 86' lang='lat' dir='ltr'>potest.</span> 
     </span>
     <span class='ocr_line' id='line_1_70' title="bbox 726 2596 1360 2642; baseline 0.011 -13"><span class='ocrx_word' id='word_1_360' title='bbox 726 2597 857 2642; x_wconf 79' lang='lat' dir='ltr'><em>summo</em></span> <span class='ocrx_word' id='word_1_361' title='bbox 889 2603 1084 2640; x_wconf 67' lang='lat' dir='ltr'>certamz&#39;m13</span> <span class='ocrx_word' id='word_1_362' title='bbox 1128 2596 1164 2633; x_wconf 89' lang='lat' dir='ltr'>in</span> <span class='ocrx_word' id='word_1_363' title='bbox 1197 2609 1360 2636; x_wconf 81' lang='lat' dir='ltr'>extremo</span> 
     </span>
     <span class='ocr_line' id='line_1_71' title="bbox 740 2646 1358 2699; baseline 0.006 -18"><span class='ocrx_word' id='word_1_364' title='bbox 740 2646 973 2683; x_wconf 80' lang='lat' dir='ltr'>discrimine:</span> <span class='ocrx_word' id='word_1_365' title='bbox 1018 2659 1055 2684; x_wconf 83' lang='lat' dir='ltr'>ut</span> <span class='ocrx_word' id='word_1_366' title='bbox 1091 2648 1165 2698; x_wconf 87' lang='lat' dir='ltr'>sup.</span> <span class='ocrx_word' id='word_1_367' title='bbox 1203 2661 1236 2684; x_wconf 83' lang='lat' dir='ltr'>V.</span> <span class='ocrx_word' id='word_1_368' title='bbox 1281 2653 1358 2699; x_wconf 82' lang='lat'>476</span> 
     </span>
     <span class='ocr_line' id='line_1_72' title="bbox 738 2697 1357 2750; baseline 0.006 -17"><span class='ocrx_word' id='word_1_369' title='bbox 738 2697 835 2734; x_wconf 70' lang='lat' dir='ltr'><em>labor</em></span> <span class='ocrx_word' id='word_1_370' title='bbox 849 2699 995 2737; x_wconf 72' lang='lat' dir='ltr'>ultimus.</span> <span class='ocrx_word' id='word_1_371' title='bbox 1014 2701 1109 2736; x_wconf 62' lang='grc' dir='ltr'><strong>δεῖν.</strong></span> <span class='ocrx_word' id='word_1_372' title='bbox 1141 2704 1227 2750; x_wconf 77' lang='grc'>892.</span> <span class='ocrx_word' id='word_1_373' title='bbox 1256 2701 1357 2737; x_wconf 68' lang='lat' dir='ltr'>[Wun-</span> 
     </span>
     <span class='ocr_line' id='line_1_73' title="bbox 723 2750 1358 2800; baseline 0.008 -16"><span class='ocrx_word' id='word_1_374' title='bbox 723 2750 819 2798; x_wconf 79' lang='lat' dir='ltr'>strat</span> <span class='ocrx_word' id='word_1_375' title='bbox 862 2766 953 2788; x_wconf 82' lang='lat' dir='ltr'>amor</span> <span class='ocrx_word' id='word_1_376' title='bbox 985 2766 1088 2788; x_wconf 78' lang='lat' dir='ltr'>verus</span> <span class='ocrx_word' id='word_1_377' title='bbox 1117 2757 1243 2800; x_wconf 69' lang='lat' dir='ltr'>patria:</span> <span class='ocrx_word' id='word_1_378' title='bbox 1278 2751 1358 2790; x_wconf 80' lang='lat' dir='ltr'>scil.</span> 
     </span>
     <span class='ocr_line' id='line_1_74' title="bbox 737 2799 1357 2841; baseline 0.006 -6"><span class='ocrx_word' id='word_1_379' title='bbox 737 2799 885 2836; x_wconf 84' lang='lat' dir='ltr'>Latinas</span> <span class='ocrx_word' id='word_1_380' title='bbox 910 2812 1105 2841; x_wconf 79' lang='lat' dir='ltr'>matronas:</span> <span class='ocrx_word' id='word_1_381' title='bbox 1134 2815 1256 2840; x_wconf 82' lang='lat' dir='ltr'>earum</span> <span class='ocrx_word' id='word_1_382' title='bbox 1276 2803 1357 2839; x_wconf 73' lang='lat' dir='ltr'>ani-</span> 
     </span>
    </p>
   </div>
   <div class='ocr_carea' id='block_1_21' title="bbox 790 2849 1358 2902">
    <p class='ocr_par' dir='ltr' id='par_1_21' title="bbox 790 2849 1358 2902">
     <span class='ocr_line' id='line_1_75' title="bbox 790 2849 1358 2902; baseline 0.007 -15"><span class='ocrx_word' id='word_1_383' title='bbox 790 2849 816 2887; x_wconf 87' lang='lat' dir='ltr'>P</span> <span class='ocrx_word' id='word_1_384' title='bbox 840 2865 865 2902; x_wconf 89' lang='lat' dir='ltr'>p</span> <span class='ocrx_word' id='word_1_385' title='bbox 893 2865 913 2892; x_wconf 86' lang='lat' dir='ltr'>z</span> <span class='ocrx_word' id='word_1_386' title='bbox 1258 2865 1358 2894; x_wconf 77' lang='lat' dir='ltr'>mum</span> 
     </span>
    </p>
   </div>
  </div>
 </body>
</html>
