1847 3313
365 290 482 338 AD
538 287 915 336 LIBRUM
969 286 1082 335 vn.
1284 293 1384 351 137·

125 419 230 461 Intra
247 422 470 473 Aboriginum
470 426 614 473 stirpem
626 424 772 472 po'e‘tam
788 420 888 457 Latii
908 433 960 457 res
980 419 1166 458 continere
1198 428 1235 457 et
1261 419 1377 460 inclu-

72 483 159 521 dere
186 483 297 521 modo
326 483 500 520 diximus.
569 481 645 532 Qi
670 480 726 517 illi
751 480 899 523 fuerint,
948 479 1091 530 quaestio
1116 481 1164 516 est
1187 479 1281 516 inter
1308 492 1375 516 ve-

74 551 165 579 teres
195 553 231 580 et
265 542 485 580 recentiores
521 541 632 578 variis
666 539 779 576 modis
811 540 964 589 agitata.
1022 540 1201 576 Ponemus
1228 539 1287 576 hic
1316 552 1375 580 ea,

74 614 172 651 quae,
199 602 276 652 post
294 600 511 652 diligentem
530 600 567 637 in
584 600 639 636 his
659 599 767 635 rebus
783 598 855 635 alio
877 599 958 636 loco
978 599 1195 636 collocatam
1209 611 1377 648 operam,

31 708 34 713 ,
73 676 121 699 ex
138 663 278 700 caeteris
298 664 457 701 maxime
477 663 580 700 nobis
616 663 649 699 se
679 662 895 711 probarunt,
927 675 1043 712 eaque
1069 661 1148 698 aliis
1173 661 1375 699 rationibus

71 721 327 761 illustrabimus
345 739 355 767 ;
395 733 571 774 quantum
593 722 742 773 quidem
761 722 809 759 ad
827 722 971 760 doctam
991 726 1110 772 poetae
1122 721 1376 772 interpretati-

73 796 184 822 onem
199 785 282 823 satis
298 786 367 822 effe
386 785 584 822 videbitur.

128 845 247 883 Fuere
272 845 474 895 Aborigines
508 836 554 883 ei<
587 844 840 895 antiquiffimis
865 844 1001 882 veteris
1021 844 1139 882 Italiae
1157 845 1379 882 habitatori-

73 903 157 947 bus,
190 904 250 942 sed
276 908 347 955 post
370 905 512 942 Umbros
540 915 576 941 et
605 904 741 941 Siculos,
797 907 890 955 Qae
916 905 962 941 de
987 917 1112 942 eorum
1132 905 1277 956 origine
1296 906 1379 942 vul-

72 978 125 1016 go
152 967 288 1003 tradita
315 966 491 1015 legimus,
528 978 573 1001 ex
604 965 761 1002 nominis
792 966 869 1002 fere
903 967 1027 1002 caussis
1058 980 1187 1016 parum
1219 967 1380 1004 feliciter

72 1028 192 1078 petita
207 1027 301 1064 sunt.
358 1027 461 1064 Mihi
475 1039 564 1063 vero
583 1039 629 1062 ne
647 1025 684 1062 id
704 1025 856 1075 quidem
874 1025 1014 1076 liquere
1035 1026 1198 1070 videtur,
1217 1040 1262 1064 an
1280 1027 1378 1064 anti-

72 1099 185 1136 quum
209 1099 336 1123 eorum
355 1098 488 1122 nomen
507 1085 597 1122 illud
617 1085 741 1122 fuerit.
799 1087 834 1123 A
866 1086 1078 1129 serioribus,
1114 1087 1178 1137 qui
1206 1087 1378 1138 antiquas

73 1160 132 1184 res
160 1145 339 1184 memoria
358 1146 418 1183 vel
442 1145 650 1182 litterarum
675 1146 922 1183 monumentis
942 1155 1167 1196 repeterent,
1184 1146 1377 1184 inventum

72 1219 207 1244 nornen
226 1216 331 1257 puto,
351 1214 390 1242 ut
409 1205 546 1254 primos
564 1204 664 1242 Latii
683 1216 720 1242 et
736 1205 902 1242 locorum
917 1206 1017 1242 'circa
1031 1205 1201 1243 Tiberim
1216 1207 1263 1243 ad
1278 1220 1381 1244 mare

71 1276 334 1319 properantem
371 1267 530 1303 cultores
560 1265 806 1316 defignarent,
837 1277 1027 1315 tamquam
1059 1266 1286 1315 αὗτόχὲονκς,
1318 1282 1381 1305 re-

71 1328 193 1379 spectu
209 1327 254 1364 ad
274 1326 436 1363 advenas
452 1325 593 1367 habito,
622 1325 686 1375 qui
711 1325 882 1374 deinceps
903 1327 940 1362 in
959 1326 1088 1364 eadem
1108 1327 1191 1364 loca
1210 1329 1378 1366 conflux-

71 1398 189 1426 erant.
246 1387 487 1423 Oblituerunt
520 1387 676 1436 posthaec
708 1386 931 1436 Aborigines
963 1386 1025 1423 sub
1060 1386 1278 1425 Latinorum
1312 1403 1379 1426 no-

73 1448 188 1490 mine,
217 1447 313 1497 quod
339 1446 498 1496 primum
512 1456 655 1496 partem
672 1455 812 1482 tantum
832 1446 973 1496 populi,
1012 1446 1072 1497 qui
1089 1447 1153 1484 sub
1172 1461 1260 1498 rege
1285 1460 1380 1491 erat,

74 1507 290 1558 defignaffe,
321 1519 404 1548 nec,
440 1505 506 1542 nifi
536 1505 763 1542 Albanorum
795 1519 924 1555 regum
957 1507 1199 1544 crescentibus
1230 1508 1381 1559 opibuS,

73 1567 183 1605 latius
203 1576 329 1617 patere
345 1565 490 1616 coepisse
509 1565 669 1603 videtur.
726 1566 908 1617 Virgilius
929 1576 1067 1609 tamen,
1089 1578 1128 1605 ut
1146 1570 1271 1618 poeta,
1300 1569 1379 1617 jam

74 1628 203 1666 AEneae
231 1636 398 1676 tempora
425 1625 576 1662 Latium
607 1635 643 1662 et
668 1625 822 1662 Latinos
847 1639 893 1662 ex
923 1625 1153 1676 sequentium
1172 1637 1381 1678 temporum

75 1686 287 1725 conditione
305 1685 476 1723 aestimare
496 1685 631 1735 potuit.

128 1745 392 1795 Antiquiorum
413 1745 616 1786 austerum,
649 1758 739 1794 quos
755 1744 955 1794 Dionyfius
971 1744 1170 1796 exscripsit,
1199 1747 1268 1784 fide
1288 1760 1379 1785 con-

73 1807 155 1849 flat,
194 1805 418 1855 Aboriginum
444 1804 631 1841 memoriae
667 1815 703 1840 et
739 1804 894 1841 nominis
932 1809 1048 1855 prima
1084 1809 1236 1856 vestigia
1280 1807 1381 1846 circa

75 1869 207 1909 Reate,
228 1866 322 1903 ultra
341 1864 517 1902 Velinum
534 1865 656 1902 lacurn
674 1875 711 1901 et
740 1864 905 1906 fluvium,
942 1864 980 1901 in
1000 1864 1154 1901 Umbris
1174 1878 1379 1904 occurrere.

77 1929 137 1966 Ex
155 1927 210 1964 his
224 1927 323 1965 locus
342 1925 464 1963 versus
482 1939 584 1962 mare
603 1925 726 1962 vicina
741 1939 893 1976 quaeque
912 1925 1086 1975 deinceps
1110 1937 1315 1971 tenuerant,
1343 1938 1381 1965 et

74 1988 113 2025 in
131 1986 257 2025 iisdem
273 1985 363 2024 locis
384 1986 486 2035 plura
506 1986 588 2022 loca
613 1997 738 2023 eorum
759 1986 975 2023 memoriam
999 1986 1193 2023 servabant
1210 1987 1383 2038 Dionysii

76 2047 198 2085 adhuc
217 2056 399 2097 tempore,
427 2059 535 2096 quem
553 2045 638 2082 vide
657 2046 723 2083 lib.
753 2046 786 2087 Ι,
805 2059 840 2083 c.
868 2058 1030 2096 14—17.
1057 2049 1100 2083 18
1129 2047 1381 2086 cumillustra-

75 2107 236 2145 tionibus
255 2107 435 2148 locorum,
461 2118 550 2155 quas
576 2105 680 2142 dedit
708 2106 785 2155 Cap
805 2107 946 2142 May-rin
963 2108 1003 2142 de
1018 2106 1160 2156 Chaupy
1184 2107 1238 2155 (in
1253 2109 1382 2145 Decou-

77 2177 180 2204 verte
206 2168 246 2203 de
275 2165 312 2202 la
344 2165 478 2214 Mag'stm
503 2166 543 2201 d'
568 2166 700 2202 Horace
727 2165 841 2202 Tom.
875 2166 952 2207 ΙΙΙ,
985 2178 1023 2215 p.
1062 2177 1131 2202 112
1151 2166 1270 2216 sqq.).
1326 2167 1383 2205 Ut

77 2227 172 2263 adeo
188 2224 434 2275 Aboriginum
448 2237 581 2261 nomen
601 2224 646 2260 ad
666 2238 776 2261 unum
796 2224 954 2274 aliquem
971 2238 1044 2262 non
1063 2225 1172 2262 valde
1188 2237 1382 2276 potentem

76 2295 141 2324 aut
154 2286 227 2322 late
240 2284 467 2322 habitantem
482 2284 659 2333 populum
679 2285 845 2335 spee'taffe
861 2286 1000 2322 necefl‘e
1017 2286 1069 2322 fit.

129 2346 283 2382 Mature
311 2357 394 2381 cum
427 2343 592 2379 barbaris
620 2343 690 2380 illis
723 2344 929 2394 promiscue
960 2344 1171 2382 habitarunt
1202 2346 1382 2398 Pelasgi;

77 2413 215 2443 terram
229 2417 250 2441 a
264 2402 408 2454 populis
422 2415 487 2451 per
506 2401 714 2440 solitudines
728 2403 932 2441 errantibus
944 2405 1038 2441 male
1053 2404 1256 2443 habitatam
1273 2407 1382 2444 facile

75 2471 305 2513 occuparunt
323 2461 487 2503 advenae,
503 2471 542 2497 ut
556 2462 683 2499 nostris
700 2463 867 2500 aetatibus
884 2463 1110 2501 Americam.
1158 2464 1295 2515 Pelqsgz'
1310 2478 1384 2515 qua

77 2523 224 2575 origine
242 2522 394 2565 fuerint,
425 2522 588 2559 nondum
617 2522 815 2573 quicquam
835 2524 916 2561 satis
937 2525 1118 2575 explorati
1136 2525 1269 2562 habeo.
1324 2527 1384 2564 Ex

78 2584 253 2622 Thraciae
268 2584 416 2634 quidem
430 2583 522 2621 locis
542 2597 603 2620 eos
618 2583 656 2621 in
673 2584 859 2622 Graeciam
884 2585 1101 2623 descendiss‘e
1127 2586 1209 2624 satis
1235 2587 1351 2638 liquet
1370 2604 1383 2634 3

79 2644 196 2695 liquet
221 2643 334 2682 etiam
357 2644 454 2682 hoc:
504 2657 525 2680 a
563 2643 795 2681 Phoenicibus
818 2658 879 2682 eos
909 2646 1069 2683 habuisse
1093 2645 1260 2691 litteras;
1289 2648 1383 2686 unde

80 2712 204 2741 tamen
218 2716 413 2754 perperam
433 2702 635 2754 colligitur,
655 2716 716 2740 eos
735 2704 924 2742 Phoenicia
939 2705 1085 2756 origine
1098 2715 1134 2742 et
1148 2706 1242 2757 ipsos
1256 2706 1357 2745 fuisse
1372 2722 1382 2746 ε

80 2762 153 2801 hoc
170 2762 265 2800 inter
276 2763 436 2801 certiora
455 2763 590 2805 refero,
627 2763 869 2813 antiquissimo
902 2764 980 2813 jam
1013 2774 1179 2814 tempore
1211 2767 1385 2818 Pelasgos

81 2834 166 2861 cum
186 2821 458 2890 Aboriginibug
481 2821 580 2861 fuisse
606 2823 809 2873 permixtos
831 2837 839 2862 ε
879 2824 916 2862 id
943 2824 1040 2875 quod
1070 2824 1291 2876 Dionyfium
1317 2828 1383 2864 ad«

1265 2886 1385 2934 duxit,
