1847 3313
415 322 533 369 AD
600 317 977 366 LIBRUM
1041 314 1154 375 vn.
1343 328 1433 376 171

182 452 254 500 783
278 449 350 502 sqq.
381 449 438 487 De
457 450 569 489 ‘Turno
596 451 740 501 ejusque
766 448 909 501 origine
927 448 1062 486 diuum
1080 447 1129 484 est
1152 443 1314 483 Excursu
1339 441 1434 490 Vll.

126 506 282 546 Tribuit
315 510 347 546 ei
378 515 484 561 poeta
518 525 553 547 v.
591 523 661 561 793
700 510 795 560 seqq.
836 521 984 559 regnum
1019 507 1058 543 in
1088 506 1242 556 Rutulos,
1277 516 1434 554 quorum

128 577 235 616 Caput
257 569 399 612 Arium
430 569 578 606 Accenfi
610 569 647 605 hi
677 568 843 613 Larinis3
871 566 931 603 etfi
951 565 1133 603 interdum
1162 565 1208 601 de
1235 564 1280 600 iis
1298 563 1347 600 ita
1364 571 1434 598 tra-

128 623 242 670 dissur,
275 639 310 662 ur
341 640 399 664 eos
429 628 570 665 aliunde
599 626 815 677 immigraffe
840 637 964 676 putes:
994 624 1058 661 nifi
1085 624 1154 661 hoc
1184 623 1229 660 ad
1261 621 1433 658 Daunum

129 691 267 727 tantum
287 688 431 736 ipec'tat‚
449 687 567 723 Turni
588 697 737 738 patrem,
757 686 820 737 qui
839 698 922 722 cum
952 683 1104 722 Dauniis
1119 693 1252 720 terram
1271 679 1434 718 insedisse

128 743 280 782 viderur.
338 747 469 784 Saltem
506 746 599 791 XII,
639 761 683 786 22
718 747 804 783 Sunt
831 746 896 782 ribi
930 759 1034 795 regna
1056 749 1166 793 patris
1195 743 1328 785 Dauni,
1348 744 1434 789 suna

125 807 242 852 Ppfid’a
260 818 357 857 capta
385 809 502 846 lrvsulxa
521 823 633 845 manu.
687 807 731 844 In
761 806 948 857 Excerptis
976 804 1135 858 Appiani
1163 803 1229 841 lib.
1261 802 1280 839 I
1312 801 1435 840 Rutuli

127 861 298 913 Urrhem'
329 878 593 913 nwmorantur3
616 866 675 904 sed
710 867 858 911 vitiose3
888 865 985 916 quod
1017 864 1124 901 etiam
1151 863 1290 899 monuit
1321 872 1434 912 nuper

129 923 178 958 cl.
197 921 339 962 Editor.
395 925 523 976 Copiis
547 940 567 963 a
595 926 724 963 Turno
751 925 913 962 adductis
931 922 1089 961 accenset
1107 925 1215 971 poeta
1233 920 1341 957 etiam
1359 920 1435 956 Au·

125 994 253 1030 ¹runcoff,
284 985 336 1021 cis
354 984 468 1022 Lirim
488 985 624 1023 scilicet
641 985 856 1028 habitantes,
888 983 1049 1034 aliosque
1065 995 1086 1019 a
1113 980 1242 1017 Tiberi
1268 979 1355 1017 inde
1382 979 1430 1016 ad:

124 1038 296 1080 Ufentem
326 1045 436 1096 usque
465 1046 660 1082 incolentes
678 1045 851 1095 populos:
880 1056 969 1093 quos
997 1037 1114 1079 tamen
1144 1052 1238 1076 nunc
1268 1038 1333 1076 sub
1361 1037 1431 1075 im-

123 1099 225 1155 perio
245 1103 374 1141 habere
403 1103 520 1140 videri
549 1104 668 1146 debet,
700 1103 871 1153 quoniam
902 1100 1041 1144 Latini,
1069 1099 1205 1136 bellum
1224 1096 1432 1140 recusantis,

125 1158 242 1208 vpartes
268 1173 302 1197 et
331 1162 452 1199 munia
482 1161 555 1212 ipse
586 1161 794 1212 susceperat.
825 1160 924 1197 conf.
955 1159 1023 1196 inf.
1055 1167 1131 1195 not.
1162 1157 1209 1193 ad
1237 1156 1313 1201 XI,
1344 1167 1429 1206 317.

127 1215 176 1255 Et
195 1218 287 1257 inter
304 1221 368 1258 hos
399 1221 546 1273 quidem
565 1220 681 1257 Sicani
706 1219 752 1256 ad
783 1213 949 1255 Tiberim
969 1217 1133 1254 videntur
1151 1229 1170 1252 a
1188 1218 1298 1265 poeta
1316 1215 1430 1251 collo-

121 1277 197 1320 cari
213 1279 280 1317 lib.
303 1280 376 1325 XI,
396 1293 467 1331 317
488 1280 526 1316 in
544 1278 674 1316 finibus
694 1279 932 1315 Rutulorum:
963 1277 1019 1313 seu
1037 1276 1134 1326 quod
1153 1279 1261 1325 poeta
1280 1274 1430 1311 Sicanos

120 1349 187 1386 pro
206 1338 337 1376 Siculis
355 1339 485 1389 posuit.
513 1337 612 1375 conf.
644 1338 793 1376 Excurs.
827 1337 864 1374 ΙΙ
899 1336 942 1373 ad
976 1335 1087 1379 VIII,
1122 1345 1208 1383 314.
1241 1335 1339 1380 3283
1368 1333 1428 1370 seu

122 1399 224 1447 quod
259 1399 348 1435 alios
380 1400 552 1440 ευξὶοῑεε,
585 1397 646 1447 qui
679 1410 773 1433 nunc
804 1395 982 1436 interiere,
1019 1393 1187 1443 sequutus
1217 1391 1276 1429 est.
1331 1389 1431 1428 Inter

119 1458 272 1508 populos
292 1471 435 1510 quoque
454 1457 606 1495 Latinos
625 1465 798 1493 memorat
818 1457 949 1492 Sicanos
965 1452 1104 1490 Plinius
1131 1451 1202 1494 III,
1230 1463 1267 1499 9.
1322 1447 1430 1487 Forte

119 1515 218 1554 fuere
246 1530 290 1556 ex
319 1517 518 1569 priscorum
551 1517 763 1554 Sicanorum
792 1512 969 1565 reliquiis,
997 1510 1060 1561 qui
1089 1510 1148 1547 hic
1179 1508 1312 1560 priscas
1330 1509 1428 1547 sedes

120 1575 353 1616 retinuerant.
423 1578 586 1615 Sacranae
620 1582 706 1614 acies
743 1587 809 1625 pro
845 1571 1069 1611 Ardeatibus
1103 1569 1209 1606 difflae
1242 1569 1428 1613 videntur,

117 1634 290 1684 quoniam
308 1635 404 1673 sacra
433 1649 571 1685 magnae
601 1634 719 1671 Deum
749 1632 882 1671 Matris
900 1645 918 1668 a
940 1630 1104 1667 Sacranis
1131 1629 1291 1680 suscepta
1318 1628 1428 1665 habe-

117 1693 215 1739 bant.
269 1695 378 1732 Certe
396 1696 464 1731 hoc
487 1696 708 1731 Sacranorum
722 1692 869 1729 nomine
887 1689 1120 1728 sacerdotum
1139 1688 1212 1725 fuit
1230 1687 1426 1739 collegium

116 1750 156 1788 in
174 1766 215 1790 ea
234 1754 332 1798 urbe,
352 1754 414 1804 qui
430 1753 561 1791 Matris
580 1765 717 1802 magnae
736 1752 856 1789 Deum
884 1750 981 1787 sacra
1003 1758 1182 1786 curarent.
1237 1747 1427 1784 Marmora

116 1810 201 1855 bina
219 1814 256 1849 in
274 1826 350 1850 eam
371 1827 444 1850 rem
458 1813 533 1862 jam
551 1811 713 1852 laudavit
731 1811 953 1847 Burmannus
969 1821 988 1844 e
1008 1806 1137 1844 Gudio
1156 1820 1191 1856 p.
1214 1805 1312 1850 XX,
1333 1809 1366 1844 8.
1385 1819 1426 1857 9.

118 1870 217 1910 Vide
246 1873 370 1910 eadem
401 1873 572 1911 illustrata
599 1883 619 1907 a
650 1870 791 1919 Vulpio
825 1869 936 1905 Tom.
969 1867 1003 1905 V
1035 1875 1106 1904 vet.
1126 1865 1226 1903 Latii
1245 1879 1327 1917 pag.
1349 1880 1425 1918 209

115 1929 196 1982 sqq.
251 1931 341 1969 Festi
368 1932 489 1968 locum
515 1931 591 1981 jam
623 1929 815 1966 laudarunt
846 1927 963 1976 intpp.
991 1926 1139 1962 Sacrani
1163 1924 1328 1974 appellati
1337 1929 1425 1974 sunt

117 1992 223 2029 Reate
272 1997 348 2036 orti,
389 1997 447 2042 qui
487 2006 530 2028 ex
559 1992 767 2040 stpsimoutio
809 1988 953 2037 Ligures
999 1983 1179 2035 Siculqsque
1220 1994 1423 2035 exegerunt:

117 2066 196 2088 uam
227 2066 307 2087 vere
326 2053 426 2100 sacro
453 2055 520 2086 orti
540 2059 659 2092 erant3
687 2059 732 2083 ex
751 2059 823 2097 quo
839 2047 921 2083 loco
949 2043 1117 2081 Serviana
1148 2041 1280 2079 lacinia
1310 2043 1424 2093 petita

116 2109 163 2146 ad
181 2110 264 2146 AEn.
286 2109 359 2152 XI,
389 2121 460 2160 317
481 2108 509 2159 f.
536 2107 601 2144 Illi
631 2106 776 2155 (Siculi)
806 2122 829 2143 a
856 2103 1033 2155 Liguribus
1054 2102 1255 2152 puffisunt,
1284 2103 1426 2153 ngures

115 2184 141 2206 a
171 2169 346 2212 Sacranis-3
383 2169 532 2205 Sacrani
563 2167 609 2205 ab
644 2164 894 2217 Abortgt‘72ibus.
948 2162 987 2200 Si
1020 2172 1138 2200 tamen
1170 2160 1252 2198 Silii
1284 2162 1425 2201 versum

116 2228 348 2277 recordamur
365 2225 478 2269 VIII,
497 2239 569 2277 417
589 2240 782 2277 magnaeque
800 2225 907 2261 Reate
919 2223 1064 2259 dicatum
1082 2219 1273 2258 Caelicolum
1294 2221 1424 2263 Matri,

116 2286 165 2323 ad
193 2299 252 2324 ver
270 2285 404 2323 sacrum
433 2297 479 2322 ne
506 2284 761 2329 recurrendum
792 2281 940 2332 quidem
958 2280 1025 2318 effe
1041 2279 1196 2317 videtur.
1249 2278 1422 2318 Servius:

116 2345 246 2382 Dicunt
276 2347 436 2396 quendam
466 2343 690 2397 Corybanfem
720 2342 845 2391 venffi
877 2342 928 2377 ad
962 2340 981 2375 l
983 2338 1103 2376 taliam
1132 2348 1164 2375 et
1192 2345 1283 2375 tenui
1305 2355 1321 2375 e
1337 2339 1423 2383 loca,

117 2419 191 2456 quae
207 2421 292 2442 nunc
309 2405 386 2441 urbi
399 2409 516 2440 ‘vicina
532 2405 617 2452 ficut
630 2416 644 2439 .·
676 2412 707 2438 et
724 2415 766 2438 ex
792 2416 826 2438 eo
845 2398 977 2449 populos
1007 2400 1154 2434 ducentes
1178 2402 1333 2448 originem
1360 2399 1424 2436 Sa-

117 2476 242 2502 cranos
260 2466 318 2514 effi
344 2461 551 2513 appellatos,·
577 2477 657 2499 nam
677 2463 812 2509 sacrati
823 2462 909 2508 sunt
935 2462 1043 2495 matri
1066 2457 1176 2494 Deum
1205 2457 1425 2507 Corybantes.

118 2522 209 2560 Sunt
236 2524 312 2560 haec
347 2512 559 2561 commentis
588 2520 786 2558 similiora:
821 2518 867 2555 ad
897 2517 994 2555 sacra
1019 2525 1139 2554 tamen
1174 2515 1330 2564 Cybeles
1358 2530 1424 2554 no.

118 2594 201 2619 men
229 2584 451 2621 Sacranorum
484 2593 525 2618 ea
559 2580 633 2631 ipsa
663 2579 833 2616 referunt.
898 2575 1047 2626 Propius
1076 2575 1122 2613 ad
1159 2575 1296 2612 Festum
1324 2575 1423 2626 spec-

119 2649 197 2677 tant
226 2654 281 2685 ea,
312 2654 391 2692 quae
419 2639 611 2690 sequuntur
638 2639 676 2676 in
708 2637 855 2675 Servio:
892 2635 966 2672 Alii
992 2635 1162 2672 Sacranas
1180 2633 1272 2670 acies
1289 2633 1422 2672 Ardea-

118 2704 200 2737 tium
234 2700 366 2744 volunt,
399 2705 456 2751 qui
485 2699 679 2750 aliquando,
713 2712 784 2736 cum
812 2696 997 2747 pestilentia
1029 2694 1234 2737 laborarent,
1266 2707 1333 2729 ver
1356 2697 1423 2742 sa-

118 2773 210 2796 crum
241 2769 410 2796 voverunt
446 2757 596 2806 (immoz
643 2770 732 2807 quos
762 2756 1189 2807 parentes—voverunt),
1233 2752 1316 2788 unde
1359 2754 1422 2789 Sa.

120 2818 218 2875 crani
230 2819 416 2876 diflislfnt.
471 2817 588 2870 Julius
617 2816 767 2854 Sabinus
786 2814 871 2870 Silii
890 2812 996 2853 verba
1013 2825 1056 2852 eo
1075 2812 1185 2850 trahit
1205 2810 1285 2860 (lib.
1305 2809 1420 2867 VIII,¹
