1847 3313
345 282 463 329 AD
520 279 897 328 LIBRUM
965 276 1098 326 v111.
1298 279 1390 343 269

85 413 147 454 ine
165 416 298 454 calidas
323 429 430 467 aquas
446 414 632 467 paludosas
652 412 856 452 transmeat.
898 412 952 452 cf.
983 411 1060 462 sup.
1091 409 1183 450 Exc.
1217 410 1236 447 1
1253 409 1300 447 ad
1317 408 1383 448 lib.

86 473 179 523 VII,
197 491 234 529 p.
268 490 280 514 1
294 489 340 527 14
358 486 454 514 extr.

474 597 506 636 E
527 597 562 635 X
579 597 612 635 C
632 597 670 636 U
688 597 723 634 R
750 596 775 634 S
796 594 835 634 U
854 595 877 633 S
931 594 1002 633 IV.

505 670 582 717 De
622 670 777 716 AEneae
820 668 964 730 clipeo.

140 756 252 801 VIII,
280 757 351 810 625
382 756 480 806 clipei
503 772 565 794 non
591 755 805 794 ennam-abile
834 766 973 794 textum.
1028 755 1174 794 Inventi
1191 757 1333 796 laudem
1351 759 1391 797 in

89 815 276 868 splendido
290 817 358 854 hoc
377 815 459 853 loco
479 815 642 866 Virgilio
660 828 734 852 non
753 814 882 864 magiS‚
913 828 1021 864 quam
1040 814 1078 852 in
1106 825 1161 853 tot
1181 817 1276 860 aliis,
1311 833 1391 869 quae

91 874 131 911 in
163 874 318 912 AEneide
353 873 481 911 merito
509 873 696 918 miramur,
731 870 871 916 deberi,
901 883 986 910 nota
1015 886 1068 911 res
1091 875 1151 913 est.
1206 875 1397 917 Praeiverat

94 932 276 970 Homerus
293 932 410 982 clipeo
428 930 583 969 Achillis
602 930 709 969 Iliad.
727 950 764 974 σ,
791 941 826 968 et
847 930 1041 977 Hefiodus,
1068 943 1130 970 aut
1153 933 1314 986 quisquis
1331 937 1394 977 ine

93 991 182 1035 fuit,
209 991 327 1042 clipeo
342 990 526 1027 Herculis.
580 991 649 1026 Sed
667 989 806 1041 ingenii
824 989 898 1027 vim
917 1000 1017 1028 tanto
1032 992 1207 1031 acriorem
1225 995 1395 1036 adhibuit

94 1054 204 1100 poeta
228 1050 390 1089 ornando
412 1061 449 1087 et
473 1048 691 1101 expoliendo
715 1063 774 1094 eo,
801 1051 898 1101 quod
917 1051 961 1090 ab
979 1051 1059 1089 aliis
1084 1054 1160 1101 jam
1176 1066 1397 1106 occupatum

95 1108 226 1146 fuerat.
279 1108 397 1159 Atqui
411 1121 475 1146 nec
491 1122 533 1146 ea
550 1108 690 1159 ingenii
708 1109 830 1146 infima
843 1110 919 1146 laus
933 1111 994 1148 est.
1039 1110 1132 1163 Qae
1144 1123 1262 1152 autern
1274 1115 1312 1154 in
1323 1116 1396 1156 hoc

96 1165 260 1215 episodio
293 1166 459 1217 inprimis
486 1165 672 1217 probanda
693 1167 789 1212 sunt,
824 1167 992 1213 haeceffe
1014 1169 1194 1209 arbitror:
1221 1174 1395 1224 primum,

98 1225 196 1273 quod
219 1235 470 1276 argumentum
494 1225 603 1276 elegit
629 1236 842 1277 argumento
865 1237 902 1265 et
930 1228 1080 1266 confilio
1100 1231 1268 1270 carminis
1286 1235 1396 1273 Ιοέὶο-

96 1295 247 1334 rumque
282 1285 527 1323 Romanorum
563 1286 717 1337 ingeniis
750 1286 914 1337 inprimis
946 1291 1274 1338 accommodatum,
1312 1308 1399 1333 cum

100 1341 283 1381 Homerus
298 1353 437 1381 tantum
462 1344 647 1382 mirabilia
671 1346 727 1383 vel
746 1345 908 1396 adspezffffl
928 1356 990 1383 aut
1017 1348 1189 1388 varietate
1201 1362 1305 1402 grata
1322 1354 1399 1393 sec-

98 1409 193 1438 tatus
209 1403 290 1439 effet
306 1419 316 1448 3
346 1402 446 1439 Fecit
470 1403 509 1440 id
527 1417 634 1454 porro
651 1417 735 1441 cum
751 1405 886 1442 summa
903 1406 1081 1456 majestate
1101 1410 1305 1457 verborum,
1321 1414 1399 1452 sen-

97 1460 293 1499 tentiamm
305 1471 340 1498 et
357 1462 664 1512 phantasmatum3
692 1463 942 1514 Consequutus
968 1465 1076 1503 etiam
1093 1468 1141 1505 est
1166 1482 1274 1508 novas
1291 1471 1401 1511 mira·

99 1519 210 1557 tionis
225 1521 356 1557 caussas
370 1534 433 1571 per
460 1520 715 1571 expositionem
735 1535 852 1559 rerum
882 1522 1098 1570 futurarum,
1129 1541 1279 1577 quarum
1307 1545 1400 1584 cog-

100 1579 358 1617 noscendarum
375 1580 512 1617 animus
527 1581 699 1618 humanus
717 1580 932 1618 avidiffimus
952 1582 999 1618 est
1014 1595 1022 1618 :
1053 1584 1218 1637 Cumque
1235 1589 1326 1627 adeo
1346 1604 1402 1629 res

103 1638 285 1676 Romanas
298 1649 479 1688 tamquam
497 1638 663 1675 vaticinii
677 1639 798 1689 aliquo
811 1652 940 1690 genere
950 1652 1120 1686 narraret,
1139 1645 1183 1681 ad
1194 1648 1403 1696 graviorem

99 1698 264 1748 spiritum
282 1700 470 1748 assurgere,
487 1710 540 1734 res
557 1698 602 1734 ad
621 1697 834 1735 miraculum
852 1699 1012 1744 evehere,
1039 1714 1182 1753 augere,
1211 1717 1246 1743 et
1272 1711 1403 1761 ampli-

99 1757 206 1794 ficare
223 1765 301 1794 tuto
324 1757 456 1807 potuit.
509 1755 600 1792 Sane
617 1756 766 1805 quidem
781 1756 907 1794 AEneae
925 1759 1047 1796 omnia
1062 1759 1139 1806 ista,
1166 1778 1247 1814 quae
1270 1767 1308 1806 in
1331 1771 1402 1808 cli.

100 1829 169 1868 peo
185 1816 341 1866 expreffa
360 1815 521 1860 videbat,
554 1816 693 1867 prorsus
709 1816 861 1854 obscura
876 1817 941 1854 effe
958 1818 1159 1858 debuerunt
1174 1838 1186 1868 ς
1231 1841 1402 1881 rerumque

102 1882 240 1927 {gnarus
257 1880 400 1926 imagine
425 1876 553 1925 gaudet
568 1889 578 1919 ;
606 1888 729 1912 verum
748 1874 786 1912 in
805 1874 860 1912 his
882 1876 1053 1914 lectorum
1069 1880 1192 1930 potius
1208 1886 1401 1939 voluptati,

102 1947 210 1984 quam
227 1932 344 1969 herois
358 1933 529 1982 personae,
549 1933 733 1970 consulere
750 1933 864 1972 licuit.

154 1992 212 2030 Ex
237 1993 373 2040 artificii
394 1997 518 2029 veteris
542 1994 746 2043 descriptione
770 1993 889 2043 paffim
908 1997 1024 2044 poetae
1040 1998 1240 2040 carminum
1259 2003 1403 2045 suorum

103 2061 311 2092 ornamenta
328 2050 517 2101 petierunt,
544 2064 618 2101 quo
642 2061 775 2089 veteres
792 2051 928 2090 fabulas
945 2053 984 2091 in
1007 2067 1050 2092 eo
1067 2060 1240 2108 expreffas
1263 2077 1404 2105 narrare

102 2115 240 2153 liceret.
293 2110 394 2147 Inter
412 2109 510 2147 varia
534 2110 676 2148 inventa
693 2112 832 2149 nullum
850 2121 968 2150 tamen
985 2114 1084 2152 aliud
1103 2130 1214 2168 genus
1232 2135 1406 2174 opportu-

107 2173 188 2210 nius
203 2171 268 2209 ess'e
284 2170 427 2207 videtur
444 2170 577 2220 clipeo,
609 2171 633 2208 fi
651 2170 806 2222 priscum
824 2172 957 2222 clipeos
975 2174 1113 2225 sculpto
1129 2191 1236 2228 opere
1249 2185 1406 2225 ornandi

107 2244 243 2270 morem
271 2240 422 2280 reputeS.
475 2229 599 2267 Multo
629 2231 747 2268 minus
773 2232 962 2270 commode
993 2247 1028 2272 v.
1060 2248 1094 2273 c.
1125 2240 1341 2289 Apollonius
1370 2245 1405 2290 I,

106 2304 176 2342 721
209 2291 284 2341 sqq.
313 2288 451 2325 fabulas
464 2288 601 2326 Iasonis
618 2291 720 2341 pallae
735 2291 892 2329 intextas
908 2303 1063 2337 enarrat,
1090 2296 1245 2349 Europae
1261 2303 1406 2342 calatho

105 2349 279 2388 Moschus
296 2347 408 2395 Idyll.
427 2347 479 2390 II,
510 2361 553 2399 37
574 2348 668 2399 sqq„
696 2349 735 2386 in
756 2351 845 2387 veste
858 2351 1009 2400 stragula
1028 2353 1164 2393 Catull.
1185 2357 1334 2405 LXIV,
1354 2376 1405 2414 50

103 2408 199 2460 sqq.5
227 2408 265 2444 in
284 2414 419 2443 cratere
443 2408 613 2457 expressas
632 2408 769 2445 fabulas
788 2408 884 2447 Met.
913 2410 1027 2456 XIII,
1055 2413 1123 2451 681
1157 2426 1193 2453 et
1211 2418 1250 2455 in
1267 2419 1407 2459 foribus

104 2469 214 2520 regiae
231 2467 324 2504 Solis
341 2466 407 2502 lib.
427 2465 481 2510 ΙΙ,
504 2480 521 2517 ς
542 2467 617 2517 sqq.
646 2467 816 2506 Ovidius.
869 2469 911 2506 In
927 2472 1021 2520 palla
1042 2472 1254 2516 Harmoniae
1278 2482 1406 2521 orbem

102 2540 280 2569 terrarum
307 2540 373 2563 acu
393 2526 526 2577 pietum
556 2527 703 2565 exhibet
719 2528 873 2566 Nonnus
890 2531 1044 2581 Dionys.
1064 2533 1171 2580 XLI,
1184 2551 1219 2588 p.
1240 2554 1351 2591 1070,
1369 2553 1406 2581 et

104 2589 156 2627 fic
174 2587 237 2626 alii
253 2585 338 2625 alia.
357 2585 408 2624 cf.
438 2587 588 2625 Excurs.
606 2587 665 2625 IV
683 2587 728 2625 ad
744 2587 807 2626 lib.
828 2588 879 2630 V,
898 2590 960 2627 ubi
974 2591 1058 2629 add.
1077 2595 1208 2632 vestem
1227 2599 1408 2648 Sybaritae

103 2648 147 2686 ,in
166 2646 315 2685 Aristot.
333 2645 474 2684 Mirab.
505 2647 635 2685 Audit.
655 2661 689 2686 c.
710 2662 760 2699 99
778 2659 815 2687 et
827 2649 879 2687 ibi
897 2660 975 2689 not.
1030 2653 1144 2692 Nulla
1161 2655 1198 2693 in
1216 2640 1409 2700 his,omni.

105 2707 175 2745 bus
193 2705 362 2749 materia,
397 2707 535 2744 nullum
553 2709 641 2745 artis
673 2721 779 2758 opus,
821 2723 894 2760 quo
926 2724 1100 2762 magnam
1132 2727 1254 2756 rerum
1286 2721 1408 2758 varie-

104 2776 223 2806 tatem
247 2766 458 2817 expressam,
487 2766 570 2808 satis
589 2767 683 2807 recte
698 2780 960 2813 commemoret
978 2771 1124 2825 aliquis.

1239 2835 1410 2879 Acumen
