1847 3313
660 270 936 339 [711]

129 487 1457 531 w

560 663 954 703 EXCURSUS
998 663 1032 704 Ι.

141 750 282 815 Super
300 753 497 813 temporis
501 751 664 817 spal2'0,
699 754 742 797 in
765 754 871 815 quod
866 753 949 813 sex
965 753 1234 814 posteriorum
1255 748 1457 798 AEneidis

328 826 526 872 librorum
553 842 618 871 res
633 824 757 888 gestae
777 844 803 872 a
820 830 944 889 podia
960 827 1259 890 dgspcsczmtur.

147 913 279 987 Lm.
293 949 387 994 XII,
412 965 478 1000 113
500 953 632 1002 Postera
648 956 875 1002 vixficmmos.
917 953 1034 990 Erunt
1053 953 1159 997 forte,
1188 951 1250 1002 qui
1267 950 1330 989 vix
1348 949 1456 987 fidem

143 1006 300 1045 habeant
318 1008 407 1045 mihi
424 1010 631 1054 affirmanti,
658 1025 855 1061 paucorum
884 1011 1027 1050 dierum
1056 1013 1131 1049 asta
1150 1012 1208 1049 sex
1227 1009 1459 1061 posteriorum

145 1065 311 1105 AEneidis
324 1067 499 1104 librorum
521 1078 769 1120 argumentum
789 1071 944 1120 explere.
998 1071 1054 1107 Ita
1073 1081 1190 1107 tamen
1209 1083 1261 1106 res
1280 1069 1313 1105 se
1331 1068 1459 1104 habet:

144 1127 309 1163 nondum
328 1127 464 1177 viginti
482 1128 557 1166 dies
576 1128 698 1166 exiiss‘e
717 1129 843 1167 doceri
862 1131 986 1180 potest,
1015 1144 1097 1168 cum
1117 1129 1235 1166 Turni
1256 1128 1352 1165 caede
1368 1127 1463 1163 fafita

145 1192 224 1222 tota
239 1185 360 1223 AEneis
378 1186 587 1225 absolvitur.
642 1189 716 1225 Sub
745 1189 868 1226 aestatis
896 1189 1032 1227 exitum
1069 1189 1218 1226 AEneam
1246 1187 1291 1225 ad
1317 1185 1463 1223 Italiam

143 1245 286 1284 classem
304 1259 348 1283 ex
368 1257 484 1285 mente
503 1252 616 1298 po'etae
639 1250 817 1298 appellere
835 1250 937 1300 supra
956 1249 1147 1286 docuimus
1163 1249 1214 1287 T.
1235 1247 1288 1292 II,
1315 1260 1352 1296 p.
1371 1247 1463 1294 428.

145 1304 294 1357 Ingreffi
313 1305 460 1343 Tiberis
490 1307 576 1343 ostia
597 1307 751 1357 Trojani
781 1308 974 1345 escendunt
1004 1308 1042 1346 in
1072 1310 1195 1345 littore
1226 1319 1366 1345 coenam
1403 1318 1466 1341 ca-

148 1365 254 1415 piunt
271 1364 336 1402 lib.
353 1364 444 1409 VII,
469 1378 685 1416 107—147.
739 1367 869 1404 Altero
897 1367 956 1404 die
985 1369 1171 1418 explorant
1188 1377 1310 1404 terras.
1365 1363 1466 1403 Miffi

149 1426 264 1477 legati
295 1427 340 1463 ad
373 1425 541 1462 Latinum
562 1426 657 1462 satio
678 1426 815 1463 soeclere
834 1429 1007 1478 pa&oque
1038 1429 1160 1466 AEneae
1191 1441 1274 1466 cum
1310 1425 1468 1464 Lavinia

148 1482 324 1536 conjugio
344 1485 494 1522 redeunt
521 1484 559 1520 in
587 1485 709 1529 castra,
737 1499 817 1535 quae
842 1487 980 1524 interea
1008 1487 1092 1524 foffa
1121 1497 1157 1523 et.
1192 1488 1286 1524 vallo
1304 1487 1469 1524 cinxerat

151 1542 346 1593 Trojanus.
373 1556 408 1581 v.
431 1545 645 1593 148—285.
698 1544 788 1580 Inde
807 1544 961 1592 Junonis
990 1546 1075 1583 odia
1106 1556 1141 1583 et
1170 1545 1311 1583 fraudes
1330 1547 1375 1582 ad
1391 1555 1469 1582 tur-

151 1601 290 1640 bandas
309 1601 408 1639 Latii
429 1614 480 1638 res
497 1613 506 1638 :
553 1605 627 1640 286
648 1602 723 1652 sqq.
779 1602 899 1640 Turni
932 1604 1090 1642 animum
1119 1619 1182 1656 per
1218 1606 1382 1642 somnum
1414 1608 1469 1653 (v,

151 1665 244 1713 414)
269 1662 344 1713 ipsa
367 1662 497 1698 Alec'to
532 1659 585 1697 ira
616 1671 651 1698 et
685 1662 806 1700 furore
841 1662 1014 1703 incendit.
1070 1665 1200 1701 Tertio
1229 1664 1289 1701 die
1306 1664 1469 1701 seruntur

153 1724 277 1761 cauffae
292 1722 381 1759 belli
400 1721 493 1757 inter
510 1721 692 1770 Trojanos
708 1731 744 1759 et
764 1721 915 1760 Latinos
931 1737 941 1761 2
971 1724 1117 1762 Turnus
1149 1724 1366 1761 Laurentum
1386 1735 1471 1774 pro-

150 1782 265 1820 fectus
284 1791 385 1833 parat
410 1793 524 1824 arma,
550 1780 664 1817 edicit
683 1780 833 1826 bellum,
859 1783 996 1820 auxilia
1020 1783 1177 1835 colligit.
1236 1784 1344 1820 Recte
1371 1797 1470 1822 nunc

151 1842 199 1880 ab
216 1841 318 1878 omni
334 1839 505 1890 temporis
531 1841 789 1878 memoratione
806 1841 956 1879 abstinet
981 1844 1110 1893 poeta:
1156 1843 1215 1880 sed
1243 1844 1366 1894 paullo
1394 1844 1471 1894 post

153 1901 218 1939 sub
237 1901 324 1938 libri
345 1898 439 1935 VIII
457 1898 604 1936 initium
630 1900 760 1936 iterum
784 1910 986 1951 temporum
1016 1913 1118 1940 notas
1145 1903 1324 1954 adjungit.
1378 1903 1474 1940 Viso

153 1963 329 1999 noeturno
347 1958 506 1997 monitus
525 1958 653 1995 AEneas
667 1959 735 1996 iter
749 1971 848 2010 parat
864 1960 908 1997 ad
924 1961 1144 2002 Evandrum.
1198 1963 1293 2000 Orto
1307 1963 1366 2000 die
1384 1963 1473 2001 bina.

152 2021 303 2072 navigia
320 2019 461 2057 instruit
485 2018 703 2069 adversoque
722 2020 854 2057 Tiberi
872 2022 1012 2059 evectus
1039 2021 1104 2059 sub
1128 2023 1313 2060 meridiem
1339 2023 1472 2062 collem

154 2082 375 2124 Palatinum,
400 2090 507 2129 quem
523 2077 690 2115 Evander
708 2078 868 2124 tenebat,
897 2081 1071 2131 prospicit
1088 2082 1200 2126 VIII,
1226 2095 1375 2135 79—97
1392 2082 1472 2133 sqq.

157 2140 335 2191 Hospitio
354 2139 399 2177 ab
417 2151 460 2175 eo
478 2138 631 2189 benigne
646 2150 814 2189 exceptus
835 2143 925 2190 (169
939 2142 1057 2192 sqq.)‚
1084 2142 1216 2194 dieque
1230 2145 1377 2180 etnocie
1387 2156 1473 2181 cum

156 2212 201 2238 eo
218 2200 343 2237 exafia
371 2213 405 2237 v.
428 2200 631 2248 367—369
665 2198 777 2235 altero
811 2199 871 2236 die
903 2205 991 2251 (455
1011 2201 1102 2251 sqq.)
1138 2201 1299 2239 Evandri
1332 2201 1475 2238 monitu

158 2261 333 2312 Agyllam
351 2258 412 2296 scu
429 2258 534 2296 Coere
561 2257 714 2295 Etruriae
744 2258 865 2296 urbem
886 2261 963 2298 adit
980 2261 1110 2298 AEneas
1128 2272 1164 2301 et
1184 2263 1412 2300 Tarchonem
1426 2263 1478 2302 ad

158 2333 345 2359 armorum
363 2317 568 2356 societatem
583 2318 720 2368 pellicit
736 2331 771 2354 v.
794 2319 870 2369 604
883 2320 936 2370 sq.

211 2381 352 2417 Interea
366 2378 495 2416 nuntio
515 2378 559 2418 de
580 2377 698 2416 AEneae
716 2378 873 2417 absentia
891 2390 1038 2431 accepto
1058 2382 1206 2419 Turnus
1224 2382 1356 2419 vanum
1377 2382 1475 2419 Tro·

155 2439 326 2491 janorum
360 2447 560 2489 oppugnat,
588 2437 727 2474 classe-m
747 2439 933 2478 incendit:
962 2440 1040 2485 IX,
1065 2446 1227 2493 1—-158,
1281 2442 1402 2480 Nocte
1419 2441 1476 2479 in-

161 2499 312 2550 sequuta
328 2498 439 2537 Nisus
469 2508 504 2534 et
530 2496 706 2545 Euryalus
724 2497 770 2533 ad
785 2498 937 2536 AEneam
956 2499 1044 2537 miffi
1065 2501 1319 2537 interimuntur
1352 2513 1475 2551 159-

160 2563 252 2612 458.
307 2559 436 2596 Altero
455 2557 531 2600 die,
558 2556 622 2606 qui
636 2557 733 2595 idem
753 2557 815 2594 ille
828 2558 889 2601 est,
917 2556 991 2610 quo
1004 2559 1134 2597 AEneas
1153 2561 1357 2597 Caeretanos
1376 2562 1477 2598 adie-

162 2630 233 2664 rat,
261 2618 392 2657 Rutuli
409 2619 518 2654 castra
537 2616 781 2664 Trojanorum
801 2617 901 2654 omni
929 2618 965 2655 vi
993 2630 1202 2669 oppugnant
1234 2635 1309 2671 459
1337 2622 1381 2657 Et
1392 2624 1476 2672 jam

155 2682 272 2732 prima
302 2695 387 2718 novo
401 2675 591 2728 spargebat
603 2676 725 2712 lumine
747 2677 1264 2727 terras—Aurora—Irrumpit
1297 2678 1335 2715 in
1368 2679 1478 2718 castra

163 2739 329 2781 Turnus,
357 2737 485 2774 iterum
503 2735 692 2784 expellitur
711 2735 776 2773 lib.
796 2734 866 2773 IX.
920 2736 1086 2773 liabetur
1113 2736 1307 2773 concilium
1326 2738 1478 2775 deorum

162 2798 222 2847 X,
244 2809 409 2851 1-117,
460 2794 601 2835 Interea
620 2795 751 2835 Rutuli
781 2807 935 2850 pergunt
964 2797 1098 2836 vallum
1123 2809 1333 2850 oppugnare
1354 2802 1478 2837 118-

1392 2866 1480 2907 ¹452
