1847 3313
418 307 507 356 272
761 286 1260 335 EXCURSUS
1314 282 1384 332 IV

417 414 502 454 loca
522 413 613 454 mari
627 414 832 463 interjefito.
887 410 1013 449 Habet
1030 410 1188 462 speciem
1206 411 1382 460 aliquam,
1409 419 1474 446 nec
1493 415 1614 446 tamen
1631 406 1729 445 mul·

420 486 498 514 tum
510 475 752 528 probabilem,
780 474 865 514 hoc,
894 482 933 509 ut
957 471 1075 515 dicas,
1102 471 1271 522 delegiss'e
1303 471 1453 521 poetam
1483 480 1542 511 ea,
1570 480 1726 518 quorum

417 537 483 575 illo
515 548 679 586 tempore
712 535 813 584 signa
844 533 967 583 paffim
995 541 1032 568 et
1062 531 1201 581 sculpta
1236 543 1306 568 aere
1336 529 1395 566 vel
1415 541 1597 565 marmore
1611 539 1725 576 opera

420 599 551 635 Romae
565 596 819 634 cernebantur.
876 593 934 630 De
954 593 1075 643 Lupa,
1102 591 1149 629 de
1169 591 1314 629 Sabinis
1334 589 1459 641 raptis,
1487 588 1534 625 de
1563 581 1727 627 Coclite,

420 658 468 695 de
482 656 629 698 Cloelia,
660 654 820 695 Manlio,
847 663 885 691 et
900 651 1022 690 ansere
1038 665 1166 689 verum
1192 651 1263 688 hoc
1283 651 1351 688 css'e
1369 649 1498 700 potest.
1553 647 1615 684 Fit
1634 658 1727 697 quo-

420 731 493 768 que
509 714 715 767 probabile,
742 713 842 750 fuisse
862 711 1019 763 Augusti
1043 723 1181 762 tropaea
1198 709 1235 748 in
1263 708 1467 760 Capitolio,
1493 720 1575 758 quae
1603 706 1730 744 Actia-

420 789 504 814 cam
520 787 683 826 pugnam
703 772 932 810 exhiberent.

475 835 618 873 Inserta
635 835 682 871 est
695 832 858 884 Virgilio
869 832 906 870 in
921 832 1108 883 anglicum
1126 830 1326 869 sermonem
1343 842 1364 867 a
1379 830 1560 867 Wartono
1578 827 1733 878 aliisque

421 895 598 935 converso
618 893 680 931 sub
699 892 774 930 To.
796 893 858 930 III
892 892 1000 929 finem
1024 890 1224 942 disputatio
1255 891 1404 941 elegans
1433 887 1517 925 Viri
1552 886 1648 924 docti
1670 885 1729 923 W.

424 957 645 996 Whitehead,
672 953 776 1004 super
795 953 865 990 hoc
883 952 1019 1002 clipeo,
1046 951 1084 988 in
1101 964 1174 1001 quo
1191 950 1254 988 ille
1268 946 1474 1000 argumenti
1501 947 1674 990 dileetum
1693 956 1732 985 et

422 1017 604 1056 rationem
623 1015 675 1051 ita
693 1023 831 1055 tuetur,
860 1021 897 1049 ut
915 1009 1077 1049 civitatis
1094 1011 1267 1047 Romanae
1285 1009 1413 1045 statum
1432 1016 1470 1044 et
1480 1005 1731 1045 conditionem

422 1066 511 1117 inde
540 1076 586 1113 ab
609 1073 754 1123 origine
785 1085 850 1122 per
880 1072 1036 1123 singulas
1067 1079 1205 1112 aetates,
1231 1067 1406 1117 simulque
1424 1066 1601 1105 summum
1619 1080 1732 1116 opum

424 1136 625 1187 fastigium,
653 1146 727 1184 quo
763 1132 810 1169 ab
841 1132 1005 1183 Augusto
1040 1128 1103 1166 illa
1137 1128 1293 1166 adducta
1328 1128 1391 1170 est,
1418 1125 1575 1165 describi
1605 1126 1733 1172 dicat;

424 1198 555 1238 omiffis
569 1206 691 1233 tamen
709 1193 770 1236 iis,
797 1206 877 1243 quae
891 1192 967 1241 jam
985 1189 1073 1228 alibi
1091 1191 1202 1240 poe'ta
1220 1188 1411 1240 attigerat,
1439 1202 1477 1225 v.
1498 1201 1533 1225 c.
1552 1189 1640 1226 AEn.
1656 1189 1732 1231 VI,

427 1271 448 1309 7
455 1258 503 1310 56
522 1256 572 1306 sq.
627 1247 802 1298 Expressa
821 1247 947 1297 itaque
965 1248 1033 1285 effe
1057 1248 1155 1285 urbis
1178 1246 1395 1298 primordia,
1423 1256 1546 1296 raptas
1566 1246 1733 1287 Sabinas,

427 1316 616 1365 soedusque
637 1311 788 1351 faetum,
817 1321 891 1358 quo
910 1307 1070 1345 Curibus
1088 1308 1122 1345 in
1142 1309 1269 1346 urbem
1298 1307 1452 1359 receptis
1470 1307 1736 1345 incrementum

423 1377 500 1427 jam
514 1372 688 1425 insignius
705 1370 824 1406 Roma
841 1368 1009 1419 accepit:
1048 1383 1136 1407 mox
1156 1368 1304 1407 foederis
1331 1368 1430 1419 rupti
1449 1381 1594 1418 poenam
1621 1365 1735 1404 Metii

426 1436 606 1489 supplicio
620 1430 820 1473 ixifliftam3
858 1429 1069 1466 libertatem
1090 1440 1232 1480 partam
1253 1427 1400 1479 regibus
1414 1427 1559 1476 ejeftis:
1597 1424 1734 1466 bellum'

429 1497 618 1536 Gallicum
637 1502 674 1528 et
690 1492 847 1527 Romam
868 1498 1077 1539 reparatam
1094 1503 1103 1525 :
1135 1488 1331 1538 religiones
1350 1501 1418 1538 per
1430 1486 1559 1529 Salios,
1588 1486 1735 1538 Luper-

428 1571 507 1599 cos,
536 1565 573 1591 et
593 1554 788 1590 Mati-onas
803 1548 1032 1586 declaratas:
1077 1548 1228 1599 praemia
1246 1558 1284 1584 et
1309 1561 1435 1600 poenas
1461 1546 1556 1596 apud
1573 1546 1736 1585 inferos:

428 1615 577 1656 tandem
596 1611 787 1649 Affiacam
806 1608 1011 1652 victoriam,
1038 1621 1110 1659 qua
1123 1619 1301 1646 terrarum
1321 1607 1402 1645 orbi
1421 1621 1494 1657 pax
1506 1618 1541 1645 et
1557 1607 1736 1658 tranquil-

427 1678 511 1717 litas
542 1683 648 1725 parta
679 1680 897 1721 receptaque
931 1682 977 1706 ex
1003 1668 1169 1706 fluctibus
1199 1668 1369 1706 civilibus
1401 1667 1531 1705 civitas
1551 1679 1637 1704 mox
1655 1667 1737 1704 laete

430 1736 600 1776 effloruit,
630 1731 797 1780 Augusto
815 1728 1005 1779 principe:
1055 1738 1095 1765 ut
1122 1727 1212 1765 illud
1245 1727 1432 1778 Propertii
1462 1727 1528 1764 lib.
1559 1727 1638 1770 111,
1675 1739 1738 1771 11,

431 1810 480 1849 50
500 1795 761 1833 acclamaretur
777 1803 786 1826 z
814 1798 893 1838 cape
909 1788 1018 1824 Roma
1035 1786 1243 1836 triumphum
1256 1788 1304 1824 Et
1316 1786 1446 1837 longum
1465 1786 1738 1837 Auglfiofhlva

423 1869 570 1909 precare
587 1855 689 1891 diem.

480 1912 713 1966 Ingeniosam
731 1910 825 1947 hanc
837 1908 904 1946 effe
932 1907 1044 1958 clipei
1060 1905 1328 1944 enarrationem
1346 1919 1419 1943 non
1438 1919 1536 1957 nego
1553 1920 1562 1943 z
1591 1920 1739 1952 vereor,

429 1991 478 2016 ne
491 1975 553 2013 illa
572 1974 613 2011 fit
631 1970 737 2009 nimis
755 1968 959 2020 ingeniosa,
986 1981 1054 2005 nec
1073 1965 1213 2004 idoneis
1233 1980 1354 2004 rerum
1373 1965 1599 2016 argumentis
1613 1966 1739 2005 decla-

431 2046 534 2075 rata:
564 2047 637 2070 non
656 2030 752 2068 enim
768 2029 948 2066 delectum
964 2040 1084 2065 rerum
1103 2025 1140 2063 in
1155 2025 1276 2074 clipeo
1293 2026 1514 2075 sculptarum
1532 2025 1584 2062 ita
1597 2025 1741 2064 institu-

429 2108 509 2136 tum
541 2093 723 2134 videmus,
751 2099 791 2127 ut
810 2087 971 2126 civitatis
991 2088 1168 2124 Romanae
1185 2086 1262 2123 fata
1278 2085 1418 2136 potiora
1437 2084 1476 2122 in
1504 2083 1549 2123 iis
1568 2098 1740 2138 compre-

430 2155 540 2195 hensa
560 2154 649 2191 sint:
676 2150 748 2188 hoc
759 2148 876 2199 igitur
894 2146 1017 2199 primo
1032 2146 1115 2185 loco
1129 2154 1208 2184 erat
1224 2143 1430 2184 docendum
1453 2149 1490 2182 *ἢ

1679 2206 1745 2246 De

475 2328 497 2346 ‘¹‘
520 2326 625 2358 Simili
654 2326 719 2358 fere
749 2326 872 2358 ratione
900 2325 1085 2358 autumabat
1116 2325 1166 2355 vir
1185 2323 1298 2356 doetus
1318 2323 1419 2355 literis
1433 2324 1473 2355 ad
1489 2334 1539 2355 me
1556 2321 1741 2363 datisfiricm

430 2380 704 2420 quandamfatorum
720 2378 753 2409 in
766 2380 987 2410 Romanorum
1000 2377 1112 2419 opibus
1124 2377 1277 2417 augendis
1286 2376 1434 2407 exhibere
1445 2375 1575 2407 voluiffe
1586 2377 1719 2417 poetam
1729 2387 1740 2409 ς

431 2435 454 2450 “
470 2430 530 2460 hoc
544 2441 618 2461 eum
634 2430 737 2471 ipsum
753 2429 884 2460 innuere
899 2429 1019 2472 partim
1041 2428 1081 2459 ab
1108 2427 1217 2458 initio:
1259 2437 1291 2457 v.
1310 2426 1373 2458 626
1387 2428 1453 2458 Illic
1467 2439 1509 2458 res
1526 2427 1617 2457 Italas
1634 2426 1740 2456 Roma-

431 2495 576 2523 norumque
591 2483 841 2523 triumphos—illic
847 2494 930 2523 genus
944 2493 1017 2511 omne
1022 2482 1139 2521 suturae
1153 2478 1255 2521 Stirpis
1269 2479 1304 2509 ab
1319 2480 1449 2521 Astam'o,
1463 2485 1638 2521 pugnataque
1647 2480 1676 2507 in
1694 2489 1742 2507 or-

430 2535 492 2564 dine
507 2534 588 2571 bella,
609 2540 680 2564 tum
696 2533 728 2563 in
744 2533 808 2564 fine
825 2541 841 2572 7
847 2541 863 2571 3
873 2543 885 2563 1
904 2533 1039 2563 Attollens
1055 2533 1164 2562 humero
1169 2533 1337 2572 famamque
1350 2532 1453 2571 etfata
1468 2537 1589 2572 nepotum
1606 2528 1662 2570 (de
1666 2530 1743 2570 firie

431 2592 541 2616 tamen
558 2582 644 2613 nihil
659 2582 690 2613 in
706 2582 784 2624 his).
831 2581 939 2612 Ducla
953 2581 1031 2612 serie
1051 2592 1069 2612 a
1088 2589 1182 2622 partu
1198 2579 1422 2623 gemellorum,
1441 2579 1529 2621 sequi
1545 2580 1741 2610 incrementa

432 2634 522 2665 urbis
537 2644 575 2664 ex
589 2633 680 2664 novis
695 2633 816 2664 civibus
827 2631 949 2662 Sabinis
964 2630 1127 2673 adscriptis
1141 2641 1173 2662 v.
1193 2630 1270 2670 635,
1290 2640 1390 2662 novos
1402 2630 1514 2662 auctus
1526 2640 1583 2673 per
1597 2628 1742 2660 Albanos

431 2687 574 2718 Romam
585 2684 749 2715 tradustos
763 2683 949 2725 (declaratos
963 2692 1020 2724 per
1031 2681 1222 2724 supplicium
1238 2681 1349 2713 Metii!
1374 2681 1462 2725 642),
1482 2680 1640 2712 redditam
1666 2679 1742 2712 inde

433 2745 467 2770 et
477 2737 637 2767 firmatam
652 2735 832 2767 libertatem
849 2734 1007 2765 Porsenna
1019 2733 1058 2765 ab
1078 2733 1156 2764 urbe
1183 2732 1311 2775 depulso
1327 2730 1412 2770 646,'
1425 2740 1457 2764 et
1473 2732 1584 2764 urbem
1607 2742 1625 2762 a
1641 2731 1743 2763 Gallis

431 2787 599 2821 liberatam
615 2785 688 2828 652.
711 2784 870 2820 omissam
884 2783 945 2820 effe
958 2783 1128 2819 victoriam
1143 2784 1181 2819 de
1197 2783 1322 2828 Pyrrho
1335 2791 1366 2818 et
1384 2784 1499 2826 Poenis,
1511 2783 1627 2827 quippe
1643 2792 1741 2824 quam

1670 2843 1741 2878 jam
