1847 3313
455 244 860 302 AENEIDOS,
908 243 1059 291 LIB.
1107 240 1172 290 X.

1352 248 1443 308 381

146 385 509 446 Conciliumque
530 394 669 430 vocat
691 382 855 430 divom
878 394 1012 446 pater
1033 394 1172 444 atque
1193 379 1448 430 hominurn

333 491 415 522 I‘CX

143 568 383 616 Sideream
406 566 454 611 in
479 564 636 612 sedem
657 583 668 612 z
704 579 846 613 terras
869 566 994 612 unde
1017 566 1193 613 arduus
1216 582 1398 624 omnes,

145 657 395 718 Castraque
415 653 743 700 Dardanidum
761 653 1013 716 adspeetat‚
1035 655 1329 719 populosque
1355 657 1450 704 La-

334 746 474 793 tinOS.

146 836 407 884 Considunt
428 835 559 883 teetis
582 833 922 899 bipatentibus.

992 832 1170 895 Incipit
1194 833 1322 896 ipse:
1420 847 1444 896 5

192 977 222 1001 2.
246 968 442 1011 Corfiliumqut
455 967 508 998 alii
524 979 573 1010 ap.
589 967 675 1000 Pier.
722 967 818 999 divom
828 976 915 1010 pater
929 976 1014 1009 atque
1035 967 1169 998 hominum
1196 979 1246 997 rex
1270 966 1452 998 Ennianum

146 1018 212 1051 est:
239 1018 380 1051 Macrob.
400 1020 457 1055 VI,
483 1028 508 1050 1.

145 1080 206 1103 xus
220 1070 323 1101 doete.
338 1080 368 1102 v.
387 1069 443 1101 inf.
458 1071 532 1108 XII,
551 1069 622 1109 136.

146 1179 292 1232 negotia
319 1179 404 1218 vitae
428 1190 464 1218 et
494 1190 688 1218 conventus
706 1180 769 1217 ad-

146 1232 310 1270 euntium
345 1243 528 1283 aguntur3
557 1232 601 1269 ab
619 1242 768 1281 utraque

148 1293 248 1334 parte
265 1283 413 1320 thalami
431 1283 487 1320 seu
510 1283 650 1320 minora
667 1283 768 1320 cubi-

149 1335 233 1372 cula
260 1334 420 1386 singulis,
448 1335 511 1385 qui
544 1335 694 1371 domum
715 1335 769 1371 in-

149 1385 326 1430 habitant,
359 1396 480 1436 parata
510 1386 601 1423 sunt.
657 1385 767 1424 Conf.

149 1438 197 1475 de
218 1436 352 1475 Priami
371 1437 467 1488 regia
486 1437 593 1474 Iliad.
626 1437 658 1488 ξ,
696 1449 767 1487 242

151 1489 229 1539 sqq.
286 1488 426 1525 Eodem
454 1489 564 1525 modo
584 1487 621 1524 in
641 1488 771 1537 Olym-

151 1553 200 1591 po
227 1539 272 1576 ab
290 1549 438 1589 utraque
461 1550 559 1590 parte
578 1539 769 1577 duodecim

151 1592 328 1641 majorum
371 1592 520 1630 deorum
553 1590 633 1628 sunt
667 1589 770 1627 cubi-

152 1644 249 1686 cula,
281 1642 320 1679 in
348 1642 467 1679 media
498 1652 614 1678 autem
644 1642 772 1680 domus

152 1705 266 1744 parte,
312 1706 419 1744 quam
454 1697 611 1743 μέγαξον,
660 1693 771 1740 δῶμα,

155 1746 263 1792 δόμον,
278 1745 454 1796 appellare
472 1746 557 1782 solet
578 1745 773 1789 Homerus,

153 1807 349 1834 conventus
367 1809 407 1832 ac
425 1797 597 1833 conseffus
622 1797 772 1834 deorum

155 1849 208 1891 fit,
245 1848 312 1885 five
343 1847 388 1884 ad
421 1847 693 1885 deliberandum
728 1848 773 1884 de

157 1899 260 1936 rebus
272 1899 536 1944 communibus,
551 1899 618 1936 five
630 1899 673 1935 ad
686 1913 772 1949 epu-

156 1952 318 1988 landum.
373 1949 533 1987 Eandem
561 1950 633 1988 fere
655 1963 773 1988 rerum

155 2001 307 2052 speciem
327 2000 508 2052 Virgilius
526 2001 655 2039 animis
671 2002 773 2039 exhi-

155 2053 231 2097 bet,
270 2052 333 2089 nifi
372 2053 469 2103 quod
509 2054 555 2090 de
595 2053 775 2091 cubiculis

157 2104 245 2142 filet.
303 2103 423 2141 Potuit
440 2114 557 2142 autem
575 2105 643 2142 hoc
674 2115 774 2142 tanto

158 2156 271 2205 magis
286 2155 399 2205 sequi,
426 2157 572 2205 quando
594 2156 774 2193 Homerus

158 2207 280 2243 multis
297 2206 334 2243 in
353 2206 442 2244 locis
466 2207 595 2244 faciem
611 2221 651 2244 ae
671 2208 773 2245 situm

157 2257 310 2308 Olympi
350 2257 515 2295 variavit.
586 2260 640 2296 Ita
675 2258 776 2307 Jovis

158 2310 254 2346 sedes
273 2308 395 2360 aliqua
423 2309 462 2346 in
491 2319 589 2359 parte
621 2310 773 2361 Olympi

158 2360 287 2399 altiore
318 2362 375 2398 vel
405 2360 574 2398 interiore
605 2375 776 2398 memora·

157 2422 232 2455 tur,
250 2423 459 2450 caeterorum
479 2412 629 2449 deorum
649 2413 776 2450 domus

159 2464 198 2500 in
217 2464 297 2501 aliis
310 2463 461 2513 Olympi
475 2464 573 2514 jugis
591 2463 661 2501 fitae
680 2465 775 2508 suut,

159 2515 254 2552 unde
273 2515 317 2552 ad
336 2514 438 2563 Jovis
466 2516 557 2553 aedes
573 2515 774 2553 confluunt.

158 2565 224 2603 Cf.
251 2566 357 2603 Iliad.
379 2585 409 2609 υ,
440 2580 465 2616 4
484 2566 558 2617 sqq.
615 2568 710 2604 Cum
729 2568 775 2604 ad

157 2627 373 2654 conventum
428 2619 643 2656 admittendi
697 2618 776 2656 sunt

157 2667 236 2704 dii:
272 2671 435 2718 panditur
464 2670 588 2714 domus,
627 2669 776 2716 atrium,

158 2718 266 2766 δῶμα.
321 2718 377 2756 Ita
394 2720 462 2757 hoc
482 2721 689 2771 simpliciter
716 2735 775 2759 ac-

157 2771 380 2820 cipiendum,
416 2785 479 2808 nec
497 2785 579 2808 curn
597 2772 721 2810 Servio
739 2785 775 2812 et

158 2821 244 2862 inde
261 2835 344 2862 cum
377 2822 457 2863 aliis
484 2823 604 2875 Intpp.
640 2825 686 2863 de
716 2825 777 2866 die

599 1029 628 1056 4.
641 1020 753 1062 spcflat
768 1026 833 1048 tres
862 1019 971 1048 Heins.
995 1028 1067 1048 curn
1090 1028 1153 1048 uno
1180 1018 1367 1058 Burmanni,
1391 1018 1452 1049 mi,

713 1079 745 1109 5.
766 1072 853 1113 portis
869 1069 896 1100 b.
913 1069 972 1100 sec.
991 1069 1115 1100 Moret.

832 1180 1193 1230 orto-cogitandum.
1248 1180 1322 1218 Etfi
1353 1179 1452 1218 enim

833 1246 956 1269 verum
974 1234 1036 1276 est,
1056 1234 1160 1269 nofftu
1176 1233 1301 1270 caelurn
1314 1232 1451 1275 claudi,

833 1297 936 1320 mane
963 1284 1092 1333 aperiri
1117 1284 1216 1320 dici:
1244 1294 1360 1320 tamen
1379 1284 1451 1320 huc

833 1347 873 1371 ea
893 1348 944 1371 res
964 1335 1056 1371 trahi
1075 1336 1224 1384 nequit;
1252 1348 1366 1386 neque
1397 1348 1452 1372 re-

834 1399 913 1423 rum
931 1386 1021 1423 ordo
1040 1386 1217 1431 admittit,
1235 1397 1275 1424 ut
1291 1400 1386 1424 nunc
1405 1386 1454 1423 de

835 1437 1014 1474 matutino
1043 1447 1202 1488 tempore
1227 1440 1458 1488 cogitemus;

834 1487 1029 1525 inclinatur
1045 1489 1140 1525 enim
1159 1503 1251 1526 nunc
1270 1490 1360 1532 dies,
1381 1501 1454 1540 quo

834 1550 1031 1590 pugnatum
1044 1549 1118 1576 erat
1134 1540 1225 1589 (IX,
1242 1555 1315 1592 459
1335 1541 1454 1592 sqq.),

836 1591 882 1627 ad
902 1591 1106 1642 vesperam:
1135 1604 1315 1642 comparet
1342 1595 1453 1629 modo

834 1641 963 1690 aliquis
993 1643 1087 1679 infra
1122 1645 1204 1692 146.
1241 1658 1324 1695 147.
1362 1658 1453 1696 215.

836 1695 924 1731 216.
995 1694 1163 1732 Concilia
1198 1704 1316 1734 autem
1363 1697 1453 1733 deo·

836 1758 915 1782 rum
951 1745 1079 1782 fimilia
1112 1748 1207 1797 apud
1247 1747 1453 1785 Homerum

837 1807 1031 1833 occurrunt
1080 1799 1195 1848 plura,
1251 1812 1330 1848 quae
1372 1809 1454 1836 ante

837 1848 959 1884 oculos
986 1848 1133 1886 Maroni
1152 1849 1253 1886 fuisse
1270 1850 1456 1899 probabile

837 1900 899 1943 fit;
930 1900 1096 1950 inprimis
1127 1900 1233 1938 Iliad.
1269 1903 1300 1947 δ,
1340 1917 1454 1954 1—4‚

837 1950 895 1987 sed
916 1951 970 1988 ibi
991 1951 1082 1989 inter
1099 1952 1369 1991 deliberandum
1387 1969 1456 2005 po-

837 2011 913 2040 tant
945 2003 1016 2047 dii,
1046 2016 1090 2040 ex
1119 2004 1316 2054 priscorum
1336 2007 1457 2044 homi·

837 2067 923 2091 num
944 2067 1057 2098 more,
1086 2056 1192 2093 Iliad.
1221 2056 1259 2100 S,
1290 2072 1309 2094 2
1327 2068 1362 2094 et
1391 2071 1454 2109 51.

836 2123 866 2150 v,
886 2121 911 2154 4
927 2105 1000 2156 sqq.
1054 2115 1271 2158 ommpotentis
1290 2110 1454 2159 Ofympi:

835 2157 1044 2195 insolentior
1100 2160 1221 2209 paullo
1271 2161 1457 2199 transsatio

836 2209 985 2258 epitheti
1003 2224 1023 2247 a
1039 2210 1107 2247 diis
1126 2210 1170 2247 ad
1191 2210 1306 2262 ipsum
1326 2213 1457 2262 Olym-

837 2274 946 2310 pum:
975 2261 1177 2312 antiquiore
1210 2263 1304 2301 forte
1334 2266 1456 2301 austo-

838 2311 953 2349 ritate.
982 2327 1017 2350 v.
1052 2313 1140 2351 Var.
1179 2315 1280 2354 Lest,
1335 2329 1371 2364 3.
1413 2319 1456 2355 ἐκ

837 2366 962 2413 οὖςοιιόν
997 2368 1169 2415 άςεξόεντα
1202 2367 1457 2408 Homericum.

839 2416 901 2452 Ad
922 2416 1056 2467 reliqua
1074 2417 1172 2455 conf.
1193 2418 1300 2455 Iliad.
1323 2417 1361 2463 S,
1390 2434 1454 2470 5¹·

842 2481 903 2517 52.
958 2480 992 2518 5¹.
1021 2474 1111 2506 tcHis
1128 2469 1360 2519 bipatentibus.
1414 2472 1454 2510 bi

840 2525 959 2556 tec‘Jum
978 2520 1124 2570 bipatens
1142 2521 1279 2564 audias,
1312 2522 1369 2558 seu
1389 2523 1456 2561 do-

839 2582 939 2606 mum
975 2570 1208 2622 bipatentem,
1252 2586 1324 2609 non
1355 2575 1459 2612 aliter

839 2620 1006 2670 accipies,
1041 2636 1149 2673 quam
1187 2633 1224 2660 ut
1259 2623 1316 2667 fit,
1354 2629 1453 2675 quod

839 2672 884 2708 ab
899 2679 1013 2711 antica
1029 2686 1060 2710 et
1077 2691 1099 2712 a
1120 2678 1243 2725 postica
1263 2686 1366 2724 parte
1383 2681 1458 2715 adi-

840 2735 908 2761 tum
942 2724 1056 2768 habet,
1089 2727 1303 2776 templorum
1347 2742 1457 2775 more,

840 2788 919 2824 quae
935 2777 1002 2813 ναοὶ
1014 2780 1255 2826 ἁμφιπςόςυλοι
1272 2778 1457 2820 dicuntur,

846 2825 1026 2867 {finetenus
1044 2842 1117 2868 non
1145 2830 1237 2868 male
1267 2831 1311 2868 ad
1339 2843 1459 2870 ortum

1424 2894 1462 2921 ex
