1847 3313
376 303 473 368 690
555 303 606 351 P.
669 295 1050 353 VIRGILII
1119 301 1518 366 MARONIS

373 435 678 495 Sustulerant,
710 455 833 502 puro
854 451 907 486 ut
930 440 1110 504 poffent
1128 458 1403 496 concurrere
1425 458 1618 517 campo.

370 524 474 572 Hic
500 524 627 571 hasta
650 525 817 574 AEneae
842 527 1021 576 stabat:
1057 528 1150 577 huc
1170 532 1358 597 inpetus
1379 537 1515 587 illam

369 617 633 679 Detulerat‚
668 622 816 670 fixam
840 635 886 670 et
909 623 1034 672 lenta
1060 625 1109 672 in
1134 627 1291 676 radice
1314 631 1523 681 tenebat.

366 706 610 767 Incubuit,
643 711 891 777 voluitque
914 724 1056 762 manu
1076 719 1340 767 convellere
1365 722 1540 772 ferrum
1595 739 1693 790 774

366 799 680 859 Dardanides,
713 803 904 868 teloque
927 804 1072 869 sequi,
1105 824 1251 871 quem
1276 812 1507 874 prendere
1529 815 1670 863 cursu

364 892 482 940 Non
502 907 703 959 poterat.
741 894 872 944 Tum
889 914 999 946 vero
1022 916 1185 949 amens
1205 902 1463 952 formidine
1480 904 1693 964 Turnus)

364 982 542 1044 Faune,
574 1002 759 1050 precor,
805 988 1040 1049 miserere,
1089 990 1276 1056 inquit3
1322 1006 1468 1059 tuque
1502 995 1691 1060 optima

560 1076 739 1126 ferrum

361 1162 512 1211 Terra
533 1178 641 1214 tene
650 1191 664 1223 ;
699 1159 828 1216 colui
852 1171 1024 1218 vestros
1047 1172 1081 1219 fi
1106 1171 1293 1236 semper
1315 1170 1533 1230 honoreS,

360 1253 495 1320 Qos
520 1268 685 1304 contra
701 1258 928 1308 AEneadae
952 1261 1081 1308 bello
1106 1262 1257 1310 fecere
1278 1260 1520 1326 profanos·

357 1343 517 1404 Dixit,
549 1362 786 1411 opemque
807 1349 887 1396 dei
908 1366 1003 1397 non
1026 1349 1145 1397 caffa
1162 1350 1212 1397 in
1236 1362 1345 1398 vota
1368 1352 1571 1400 vocavit.
1591 1356 1686 1414 780

356 1420 687 1498 Namque'diu
711 1438 909 1497 lustaus,
942 1439 1168 1503 lentoque
1187 1439 1236 1486 in
1261 1439 1404 1504 stirpe
1426 1454 1653 1500 moratus,

357 1521 552 1572 Viribus
576 1525 702 1574 haud
721 1527 830 1574 ullis
854 1528 1002 1575 valuit
1025 1528 1286 1577 discludere
1309 1530 1488 1578 morsus

355 1613 562 1665 Roboris
586 1617 778 1667 AEneas.
846 1620 983 1668 Dum
1004 1620 1176 1668 nititur
1190 1637 1299 1668 acer
1319 1634 1366 1669 et
1386 1623 1526 1671 instat
1545 1639 1559 1670 ε

396 1773 470 1806 772.
492 1768 556 1798 huie
567 1773 641 1800 tert.
658 1767 815 1800 Rottend.
861 1769 905 1799 hic
929 1775 1004 1800 tert.
1032 1768 1131 1800 Goth.
1212 1777 1263 1809 -77
1268 1778 1298 1810 3.
1319 1773 1346 1801 et
1372 1769 1458 1803 abest
1485 1770 1609 1811 multis,
1636 1773 1676 1806 ab?

352 1817 424 1850 aliis
435 1820 475 1856 in,
497 1827 534 1851 ut
550 1830 568 1850 a
579 1819 681 1852 tribus
691 1820 790 1852 Goth.
808 1827 839 1851 et
851 1820 919 1852 Erf.
965 1820 1090 1852 Aberat
1102 1821 1200 1853 ‘etiam
1214 1832 1232 1852 a
1245 1821 1412 1860 Mediceog
1434 1823 1487 1854 sed
1500 1823 1599 1855 altera
1610 1830 1679 1855 mah

351 1879 413 1902 nus
427 1870 558 1903 inseruit
567 1873 602 1903 ab
616 1886 644 1906 r.
659 1880 691 1904 et
711 1872 830 1905 delevit
843 1881 879 1904 ce.
924 1874 959 1904 In
975 1875 1058 1904 Ven.
1077 1875 1204 1905 talenta.
1250 1874 1341 1905 Turn
1366 1875 1475 1917 Bigot.
1491 1875 1590 1918 fixum
1603 1878 1679 1907 lenta

351 1924 453 1954 radice.
502 1924 617 1961 Porro,
638 1923 734 1965 idque
750 1923 843 1955 unice
856 1934 981 1962 verum,
996 1924 1129 1955 Servius
1142 1924 1312 1966 jungebat:
1329 1925 1427 1967 fixam
1442 1933 1468 1956 et
1481 1928 1502 1957 l.
1519 1939 1546 1959 r.
1564 1928 1681 1966 tenebat,

348 1983 428 2011 non,
451 1982 487 2006 ut
503 1974 601 2017 vulgo
618 1975 754 2014 saeorum,
775 1976 1037 2019 Detuleratflxanz,
1057 1982 1083 2006 et
1107 1978 1128 2006 l.
1177 1977 1237 2007 Ge.
1266 1977 1429 2009 Fabricius
1442 1979 1612 2011 Donatum
1629 1979 1678 2011 le.

349 2034 428 2065 gere
439 2026 507 2057 ait:
533 2027 601 2057 Det.
617 2028 720 2057 mollem
740 2034 767 2057 et
781 2029 854 2058 lenta
870 2041 896 2059 r.
914 2035 936 2059 t.
982 2027 1081 2071 Qod
1110 2038 1225 2059 verum
1247 2039 1312 2059 non
1331 2028 1373 2060 est
1389 2039 1397 2060 :
1428 2040 1504 2060 nam
1527 2031 1677 2064 Donatue

347 2076 450 2107 lentam
464 2079 580 2108 radicem
591 2077 726 2120 explicat
743 2077 1052 2118 mollem.———777.
1079 2086 1177 2120 tuaque
1192 2078 1250 2110 sec.
1265 2080 1420 2111 Rottend.
1484 2087 1487 2091 ’
1515 2082 1587 2122 778.
1610 2086 1675 2126 ves.

348 2135 405 2158 tros
415 2130 484 2158 colui
501 2128 601 2161 Goth.
620 2136 695 2162 tert.
788 2138 861 2170 779.
875 2131 1004 2171 ferros.
1014 2137 1047 2172 p.
1065 2130 1128 2161 duo
1146 2130 1302 2163 Rottend.
1331 2131 1455 2164 Zulich.
1479 2141 1510 2164 et
1526 2144 1586 2175 pro
1602 2145 1669 2173 var,

346 2177 421 2210 leet
441 2180 526 2209 Gud.
552 2179 672 2210 Saltem
683 2179 744 2210 hoc
761 2179 1170 2222 interpretationemjuvat.
1196 2181 1257 2213 Sed
1272 2181 1324 2212 hic
1338 2182 1440 2213 miror
1456 2184 1590 2216 Maroni
1604 2195 1671 2217 nou

346 2235 479 2261 tenuem
496 2238 527 2261 et
537 2229 651 2261 exilem
667 2230 770 2261 visum
782 2230 1076 2273 veriun1,inprimis
1089 2231 1122 2264 in
1137 2231 1198 2262 hoc
1210 2241 1218 2261 τ
1234 2232 1331 2272 fecere
1335 2235 1503 2274 profanum,
1513 2245 1584 2276 pro,
1597 2239 1673 2277 pro-⁴

348 2281 512 2312 sanarunt.
560 2281 672 2312 Paullo
689 2290 762 2312 ante
781 2281 823 2312 ad
845 2292 877 2313 ν.
898 2290 957 2322 775
976 2289 1125 2313 notatum
1141 2289 1209 2313 erat
1235 2281 1270 2312 in
1285 2282 1465 2315 Servianis:
1503 2285 1674 2320 humiliter

343 2331 535 2374 quibusdam
557 2331 660 2363 Visum
677 2331 813 2363 didium:
846 2334 979 2374 prendere
998 2332 1251 2373 cursu.-——--781.
1278 2334 1405 2375 Jamque
1431 2336 1560 2377 Hugen.
1603 2339 1675 2370 lento

332 2385 436 2428 stirpe,
457 2383 498 2415 cf.
513 2383 596 2415 Pler.
612 2391 643 2414 et
655 2382 726 2426 sup.
743 2394 775 2412 Vi
792 2383 866 2416 208.
961 2384 1032 2423 782,-
1052 2386 1143 2426 poluit
1155 2384 1248 2415 Leid.
1292 2387 1441 2426 dtsturrere
1459 2388 1576 2419 Medic.
1589 2399 1607 2420 a
1623 2399 1671 2421 m.

344 2443 439 2479 pr.et
450 2435 535 2467 Gud.
551 2444 610 2477 pro
626 2443 694 2467 var.
709 2434 786 2466 ledi.
830 2436 973 2475 dfiindere
989 2437 1071 2467 Ven.
1114 2437 1264 2466 convellere
1280 2446 1334 2478 qu.
1350 2439 1469 2470 Moret.
1486 2446 1519 2469 et
1529 2439 1622 2473 Leid.

343 2535 435 2574 nullo
450 2536 645 2585 dfirimine,
673 2534 834 2585 adeoque
867 2533 968 2571 nullo
1020 2533 1157 2585 stabat,
1185 2546 1230 2572 ex
1245 2533 1346 2583 jafflu
1365 2533 1546 2585 sup.711.
1577 2548 1669 2588 774.

343 2587 500 2637 respestu
531 2585 674 2629 habito,
718 2586 814 2636 quod
871 2586 968 2623 sacra
1035 2600 1122 2638 775.
1155 2585 1293 2623 Eadem
1324 2585 1364 2622 in
1395 2585 1490 2622 hasta
1508 2586 1669 2626 Achillis

342 2648 421 2675 erat
453 2638 573 2676 arbor.
629 2651 716 2690 771.
733 2649 819 2687 puro
836 2649 968 2685 campo,
1033 2637 1273 2675 convellenda
1308 2649 1420 2686 opera
1448 2637 1598 2689 ponitur
1620 2640 1669 2678 ab

341 2703 474 2734 vacuo,
502 2702 574 2726 non
591 2689 780 2741 impedito.
818 2688 878 2726 Sic
895 2689 969 2727 Gr.
1035 2689 1241 2739 Asteropaeo
1278 2687 1374 2725 Iliad
1407 2699 1447 2738 φ,
1485 2702 1557 2740 174
1583 2690 1665 2741 sqq.-

341 2742 492 2791 κκδκξός
509 2745 634 2792 χῶξος,
653 2751 691 2778 ut
707 2741 816 2778 Iliad.
832 2741 882 2785 ψ,
901 2741 944 2778 61
956 2768 966 2778 .
1035 2744 1123 2792 778.
1149 2740 1432 2785 colui-honores,
1459 2750 1499 2777 ut
1515 2753 1524 2777 :
1563 2740 1663 2780 sacra

343 2794 470 2831 Paffim
490 2807 566 2831 mos
585 2793 758 2844 loquendi
775 2792 967 2829 illustratus
1033 2792 1170 2835 colore,
1199 2791 1389 2842 religiones
1403 2791 1539 2830 colere.
1568 2796 1661 2844 781.

340 2859 363 2882 a
380 2845 462 2882 viris
481 2845 610 2889 doftis,
638 2859 672 2883 v,
705 2858 740 2883 c.
772 2845 818 2880 ad
849 2843 964 2881 Ovid.
1033 2846 1121 2895 783.
1148 2857 1256 2894 quam
1271 2854 1420 2880 ornate:
1450 2857 1524 2881 non
1540 2845 1662 2894 potuit

341 2896 434 2937 Fast.
462 2896 537 2943 ΙΙΙ,
586 2900 671 2949 582.
742 2908 832 2948 772·
870 2895 967 2936 basia
1030 2895 1180 2936 evellere
1198 2895 1345 2935 hastam.
1383 2894 1658 2998 lentoinstgggci
