1847 3313
368 295 779 353 AENEIDos,
833 294 987 344 LIB.
1025 294 1118 344 IX.
1319 311 1410 361 293

94 427 210 476 fata
231 427 365 485 mihi,
398 427 520 474 ferro
542 426 813 473 sceleratam
837 426 1108 474 exscindere
1129 437 1347 490 gentem,

98 517 315 580 Conjuge
336 527 598 579 praerepta;
634 531 719 561 nec
738 514 858 562 solos
882 517 1036 579 tangit
1063 518 1252 566 Atridas

93 606 185 653 Iste
205 606 354 662 dolo-r,
389 604 586 668 solisque
609 606 720 651 licet
743 620 911 667 capere
934 622 1066 652 arma
1092 607 1328 669 Mycenis.

36 707 39 711 ’
90 695 182 742 Sed
204 695 391 757 periiffe
413 696 554 742 semel
573 696 679 742 satis
703 697 782 743 est.
853 695 1056 743 Peccare
1079 696 1234 745 fuiffet

89 782 217 829 Ante
237 783 359 840 satis,
392 785 578 847 penitus
603 785 748 831 modo
770 801 864 831 non
888 802 1037 848 genus
1061 802 1204 832 omne
1216 787 1407 849 perosos

458 873 648 937 Qibus
673 875 778 921 haec
804 875 954 922 medii
972 876 1147 922 fiducia
1165 877 1294 934 valli,

90 963 425 1026 Foffarumque
448 980 615 1022 morae,
650 966 734 1012 leti
756 966 1029 1014 discrimina
1052 984 1210 1031 parva,

1315 712 1409 757 140

91 871 388 920 Femineum.

133 1121 203 1151 137.
227 1115 366 1144 excindere
381 1114 494 1145 itidem
513 1115 706 1147 deteriores:
730 1118 849 1147 excidere
865 1118 992 1159 Hugen.
1011 1128 1083 1147 cum
1100 1115 1169 1148 Erf.
1205 1117 1327 1156 scindere
1341 1113 1405 1145 duo

85 1160 255 1193 Morer.-
301 1164 374 1202 138.
390 1172 537 1206 praerapta
551 1167 661 1197 Franc.
708 1179 744 1196 an
765 1169 840 1207 filos
872 1179 926 1210 ap5
955 1167 1104 1198 Macrob.
1135 1167 1181 1196 IV
1205 1169 1273 1197 Sat.
1291 1176 1323 1203 4,
1344 1175 1404 1195 nec

86 1212 182 1252 male,
204 1213 260 1244 etfi
277 1215 437 1247 mendose.
464 1217 530 1248 vid.
551 1217 661 1249 Heius.
696 1219 770 1258 solos
796 1232 832 1248 an
857 1219 939 1260 conj.
960 1219 1342 1260 Cuningham.-—140.
1369 1218 1404 1248 Si

79 1272 118 1307 p.
135 1267 167 1305 s.
195 1277 267 1307 pars
298 1268 388 1300 codd.
417 1269 500 1298 Picr.
530 1277 561 1299 et
579 1270 686 1300 Heins.
705 1278 736 1302 et
755 1271 851 1303 Goth.
872 1279 962 1310 tert.,
984 1272 1067 1302 male
1084 1272 1254 1313 probatum
1272 1269 1400 1300 Pierio:

85 1316 189 1348 multo
206 1318 291 1348 enim
306 1320 435 1360 gravius
451 1319 588 1353 alterum
605 1322 666 1352 est:
691 1322 814 1364 Sedper.
835 1325 911 1364 scm.
952 1325 1025 1354 Hoc
1038 1324 1138 1354 etiam
1150 1321 1313 1353 Rufinian.
1331 1328 1404 1352 tue„

84 1374 137 1398 tur
153 1378 184 1409 p.
206 1377 281 1408 270,
306 1369 359 1400 ubi
374 1381 406 1402 v.
427 1371 599 1402 Ruhnken.
615 1374 654 1402 V.
675 1373 712 1403 C.
760 1374 827 1403 Cum
837 1377 907 1415 μβ
925 1385 973 1416 pr.
989 1374 1141 1405 Rottend.
1189 1372 1402 1414 Tumpeccaſj}

84 1418 205 1459 aliquot
218 1420 300 1450 Pier.
314 1428 345 1451 et
362 1421 425 1452 duo
443 1422 552 1454 Heins.
601 1423 719 1454 Similis
733 1424 820 1455 locus
835 1427 916 1466 apud
935 1426 1048 1457 Silium
1065 1427 1173 1463 XVII,
1196 1434 1259 1462 442
1285 1425 1403 1464 Sedfu-

79 1470 330 1512 giffesatisfuerit
345 1480 404 1503 etc.
498 1482 572 1510 141.
597 1477 669 1504 modo
685 1488 730 1505 nec
745 1476 865 1517 aliquot
884 1478 980 1516 Pier.,
1000 1479 1084 1508 unde
1101 1486 1212 1508 natum
1228 1475 1288 1506 effe
1304 1487 1402 1517 appa-

84 1530 134 1557 ret
147 1524 218 1552 modo
233 1535 302 1554 nunc
313 1536 343 1564 g.
363 1524 461 1561 Ven„
483 1525 538 1555 etsi
555 1524 594 1555 sic
620 1526 799 1568 corrigebat
822 1528 1004 1559 Markland.
1031 1530 1070 1559 ad
1099 1529 1238 1559 Statium
1270 1538 1303 1568 p.
1325 1527 1401 1566 284.

85 1572 146 1603 Sed
157 1573 275 1603 mirum
286 1573 328 1604 est
341 1574 426 1604 viros
442 1574 553 1607 doctos
564 1575 596 1606 in
608 1576 750 1608 hocloco
767 1579 887 1610 nodum
899 1591 1050 1621 quaerere,
1075 1588 1128 1611 aut
1142 1580 1173 1610 in
1192 1590 1229 1610 eo
1245 1578 1399 1610 solvendo

82 1625 161 1661 :ideo
178 1624 320 1655 laborare
336 1625 482 1666 potuiffc.
528 1629 601 1657 modo
611 1639 717 1666 non,ut
730 1637 836 1660 tantum
849 1644 993 1670 nononme,
1017 1632 1141 1673 quotics
1156 1641 1220 1661 non
1237 1630 1400 1662 occurrit?

74 1679 182 1718 perosos
198 1677 284 1707 red‘te
300 1677 431 1708 retinuit
446 1679 554 1711 Heins.
602 1680 710 1711 Etiam
728 1682 800 1712 satis
813 1683 872 1714 esse
886 1683 1019 1714 debebat
1036 1691 1122 1719 ante,
1149 1680 1246 1712 semel
1259 1682 1399 1722 peccaffiz

81 1738 145 1765 eos,
167 1727 293 1769 perosos
318 1738 418 1769 genus
445 1728 622 1761 femineum
654 1732 751 1762 modo
778 1744 842 1764 non
870 1744 977 1766 omne.
1019 1735 1118 1776 perqfis
1139 1733 1224 1763 Gud.
1244 1743 1262 1762 a
1279 1743 1325 1764 m.
1343 1743 1397 1774 pr,

74 1780 198 1821 perostzm
215 1778 335 1818 aliquot
353 1779 452 1816 Pier.,
475 1780 568 1811 multi
587 1781 696 1812 Heius.
716 1790 747 1813 et
764 1784 888 1821 Burni„
910 1791 941 1815 et
958 1784 1042 1814 inter
1058 1795 1110 1815 eos
1128 1783 1212 1814 Gud.
1237 1793 1254 1812 a
1268 1793 1314 1814 m.
1334 1783 1394 1816 sec,

80 1841 153 1861 cum
170 1828 288 1860 Carifio
301 1837 332 1860 et
349 1830 453 1860 Schol.
469 1830 572 1862 Statii.
620 1833 655 1862 In
684 1833 829 1864 Mediceo
856 1842 922 1864 erat
932 1838 1041 1876 pet-ofin
1057 1843 1088 1865 et
1105 1834 1311 1864 emendatum
1327 1847 1344 1863 u
1360 1835 1394 1868 h,

79 1882 225 1923 e.per0sus
243 1894 253 1911 :
289 1879 423 1911 fimilem
450 1880 613 1912 licentiam
640 1883 910 1925 deprehendimus
940 1885 973 1915 in
998 1885 1115 1927 fragm.
1142 1884 1245 1915 Vatic.
1285 1887 1396 1926 perosin-

78 1935 177 1973 etiam
194 1936 290 1965 Rom.
306 1933 476 1965 exhibuiffe
492 1935 629 1973 videtur,
651 1945 682 1967 et
695 1937 872 1968 constanter
887 1937 967 1968 illud
978 1939 1117 1969 retinent
1131 1937 1201 1968 edd.
1213 1944 1304 1975 vett„
1318 1949 1396 1979 quas

76 1985 424 2022 evolvimus.---—142.
440 1986 474 2027 f.
489 1986 552 2015 belli
567 1985 647 2017 alter
660 1988 944 2027 Hamb.—---143.
970 2002 1046 2019 mora
1057 1996 1082 2018 et
1099 1990 1197 2019 Rom.
1242 1990 1394 2028 dfirimine

73 2045 178 2081 parvo,
200 2036 303 2066 minus
320 2035 493 2077 eleganter,
512 2047 585 2078 pars
613 2038 702 2069 codd.
726 2039 810 2070 Pier.
835 2045 866 2069 et
895 2039 1002 2071 Heins.
1025 2050 1100 2070 cum
1130 2038 1196 2084 ipso
1213 2038 1332 2073 Medic.
1360 2048 1396 2073 et,

76 2088 193 2130 fragm.
205 2088 309 2119 Vatic.
330 2098 347 2117 a
363 2098 410 2129 pr.
426 2098 486 2126 m.‚
509 2095 540 2119 et
552 2087 591 2120 fic
607 2088 675 2121 fere
689 2090 761 2121 edd.
780 2097 853 2125 ante
866 2090 980 2123 Heius,

75 2206 252 2240 oraverat,
266 2197 471 2235 rescivimus
488 2198 594 2243 nos‚'a
613 2204 701 2249 po'e‘-

75 2259 111 2285 ta
126 2248 229 2285 nobis
246 2249 443 2299 proditum.
504 2252 588 2298 138.
615 2264 698 2302 139.

76 2300 167 2337 Non
201 2299 294 2337 solus
332 2300 518 2337 Menelaus
556 2312 697 2351 raptum

75 2352 241 2401 conjugis
298 2351 449 2389 Helenae
497 2351 695 2392 ulciscitur.

73 2403 316 2440 Homericum
336 2402 444 2440 Iliad.
461 2422 487 2449 t,
516 2417 602 2453 340.
622 2418 689 2454 341

72 2455 118 2492 7H
135 2461 226 2500 μένοι
244 2457 376 2503 <potitust
394 2459 527 2506 ἀλόχὸς
550 2459 696 2505 μεξόπων

71 2507 247 2556 ἆνθξώπων
261 2506 428 2556 Ἀτξεῖἲίοω
443 2519 511 2545 etc.
522 2508 596 2557 jam
613 2508 694 2552 Ma-

70 2559 175 2596 crob.
193 2558 246 2603 V,
264 2574 287 2609 9
303 2560 534 2609 comparavit.
591 2559 694 2600 Reli-

69 2623 142 2660 qua
178 2624 249 2659 140
270 2610 344 2662 sqq.
373 2612 494 2661 paullo
511 2611 693 2663 argutiora

70 2671 107 2698 et
138 2665 375 2711 ῥητοξικώτεξα
407 2663 472 2699 effe
507 2663 690 2701 Videntur:

72 2712 149 2756 sed,
193 2714 291 2749 dicat
326 2713 471 2764 aliquis,
528 2715 611 2752 satis
645 2714 692 2752 est

72 2764 254 2814 Trojanos
281 2763 385 2801 semel
405 2766 568 2803 ultimam
599 2766 692 2803 cala-

73 2815 234 2852 mitatem
250 2815 314 2852 esse
331 2827 506 2866 expertos.
560 2818 614 2854 Ita
633 2830 692 2854 ve-

72 2879 114 2909 ιο
133 2866 214 2905 satis
224 2866 332 2912 etiam
351 2867 479 2908 habere
497 2868 691 2914 debebant,

767 2201 873 2239 semel
894 2202 1044 2253 rapuiffe
1060 2202 1257 2246 feminam
1285 2202 1390 2253 quip-

764 2266 808 2302 pe
827 2254 890 2303 qui
909 2267 952 2291 ex
971 2266 1073 2305 raptu
1089 2255 1238 2291 Helenae
1255 2267 1294 2290 ea
1312 2268 1391 2291 ma-

762 2305 796 2341 la
814 2306 951 2355 experti
980 2306 1059 2350 sint,
1088 2317 1125 2342 ut
1144 2308 1229 2343 modo
1242 2322 1305 2343 non
1321 2322 1390 2343 om-

761 2372 803 2393 ne
824 2356 860 2392 h.
878 2371 909 2394 e.
926 2366 1042 2393 totum
1061 2370 1173 2406 genus
1192 2357 1388 2395 femineum

759 2408 872 2457 perosi
905 2409 973 2445 effe
1012 2408 1178 2446 debeant.
1256 2409 1388 2458 Qibus

760 2459 843 2496 haec.
914 2460 971 2497 Ex
1006 2459 1057 2496 ira
1092 2459 1210 2497 oratio
1243 2459 1385 2499 durior.

762 2510 835 2550 Dat
852 2511 896 2548 iis
918 2511 987 2549 hoc
1011 2511 1160 2554 vallum,
1188 2512 1263 2548 haec
1282 2511 1385 2557 fossa,

759 2562 929 2600 fiduciam
948 2575 957 2599 ε
1002 2576 1047 2599 an
1078 2576 1151 2599 non
1170 2563 1284 2599 multo
1303 2576 1386 2599 mu-

758 2613 894 2657 nitiora
929 2614 1055 2664 Trojae
1097 2614 1229 2650 moenia
1263 2613 1385 2651 eversa

758 2664 955 2702 viderunt?
1010 2666 1195 2716 Argutum
1235 2674 1270 2701 et
1306 2664 1383 2703 bel-

758 2715 833 2753 lum
852 2717 962 2754 etiam
981 2717 1095 2754 illud:
1137 2716 1197 2753 leti
1222 2718 1382 2765 discrimi-

757 2783 805 2804 na
831 2779 981 2818 parva:
1043 2768 1139 2817 quod
1187 2767 1384 2820 simplicius

757 2819 913 2858 Homer.
945 2818 1052 2857 Iliad.
1083 2837 1113 2862 ο,
1148 2820 1222 2858 628
1259 2819 1380 2857 τυτθὸν

756 2872 825 2922 Ὑᾶνξ
858 2872 916 2912 ὑπ’
950 2874 985 2910 ἔκ
1020 2871 1176 2911 θανάτοιο
1212 2875 1378 2922 vigorem.

1291 2935 1302 2961 1
1312 2924 1379 2975 46·
