1847 3313
453 265 545 322 382
646 261 699 308 P.
752 261 1123 310 viRoiLli
1182 260 1569 320 MARoNle‘

514 393 762 440 Coelicolae
795 395 973 457 magni,
998 397 1109 458 quia
1134 415 1244 446 nam
1272 401 1497 450 sententia
1522 405 1660 451 vobis

445 482 585 531 Versa
608 497 746 540 retrO,
771 497 1052 548 tantumque
1076 488 1246 534 animis
1271 492 1460 538 certatis
1479 493 1690 556 iniquis?

442 574 719 621 Abnueram
744 575 871 620 bello
896 575 1084 622 ltaliam
1108 593 1394 627 concurrere
1419 581 1634 630 Teucris.

442 665 567 730 Qae
584 677 746 712 contra
764 666 964 711 vetitum
979 665 1214 714 discordia
1234 667 1251 713 ?
1276 670 1381 732 quis
1399 684 1552 719 metus
1569 687 1647 722 aut
1666 675 1751 723 hos

485 797 515 829 6.
540 800 608 841 quia
629 811 704 836 nam,
722 798 886 839 antiquam
903 809 1028 836 vocem,
1050 798 1200 836 adstruxit
1226 800 1298 832 satis
1322 802 1452 835 Pierius.
1481 803 1521 835 cf.
1546 806 1610 847 sup.
1636 809 1677 843 V,
1699 816 1750 846 13,

438 848 494 879 etsl
511 859 577 879 non
601 849 691 891 pauci
708 849 847 890 ejusdem
870 856 901 880 et
924 860 974 890 ap.
1000 850 1167 888 Burman„
1191 851 1257 881 bini
1274 863 1400 894 quoque
1418 854 1559 886 Gothani
1576 867 1648 887 cum
1665 858 1749 894 Eds,

435 912 566 943 quaenam
583 900 742 931 exhibent.
785 912 852 942 quae
865 899 930 939 jam
948 899 1082 932 Dorvill.
1113 912 1130 931 a
1146 912 1196 943 pr.
1224 913 1390 942 m.—-—7.
1415 914 1488 935 retro
1504 907 1537 948 ast
1566 908 1666 940 Goth.
1686 909 1745 939 sec.

434 954 514 982 annis
530 962 578 992 pr.
620 953 750 994 petstatis
778 958 854 982 tert.
900 961 1026 983 certatur
1053 951 1133 982 alter
1159 955 1410 996 Menag.—-9.
1434 958 1511 1000 Qus
1533 957 1600 989 deus
1624 968 1675 990 aut
1701 961 1747 990 hcs

434 998 487 1042 Jo.
508 1002 698 1033 Schradcrus
720 1003 751 1032 in
779 1002 921 1033 schedis:
947 1010 981 1033 ut
998 1002 1055 1033 i'nf.
1078 1011 1115 1041 73
1134 1005 1210 1047 Qn's
1225 1005 1292 1035 deus
1309 1007 1336 1035 in
1353 1006 1606 1050 fraudem—egit,
1654 1011 1747 1051 lnge-

433 1053 530 1091 niose,
554 1053 624 1094 quis
639 1061 733 1094 neget
749 1054 761 1083 ?
798 1055 922 1084 Verum
939 1053 1021 1085 bella
1038 1053 1118 1085 fiunt
1135 1063 1189 1085 aut
1208 1056 1394 1097 cupiditate,
1425 1065 1480 1087 aut
1513 1065 1600 1089 nictu
1619 1060 1694 1090 mali
1710 1071 1746 1090 ac

431 1104 565 1146 periculi
596 1104 686 1134 nobis
712 1104 762 1135 vel
792 1104 860 1134 aliis
891 1104 1099 1141 innuinentis,
1129 1106 1221 1145 qnod
1246 1106 1410 1147 depulsum
1441 1107 1532 1138 imus.

430 1155 558 1198 Jupiter
572 1155 693 1186 bellum
719 1155 801 1185 inter
818 1155 913 1186 Italos
938 1163 969 1186 et
992 1156 1150 1197 Trojunos
1166 1155 1246 1187 fieri.

431 1205 524 1237 crat?
547 1213 581 1237 ut
597 1217 680 1236 nunc
695 1205 779 1236 bello
795 1206 843 1237 vis
858 1206 1082 1248 depelleretur.

430 1312 465 1338 et
483 1303 648 1339 occasum
668 1315 725 1351 ap.
755 1301 853 1339 Serv.
884 1302 1050 1340 refertur.

431 1353 554 1404 Pergit
572 1353 669 1390 idem
686 1366 694 1388 :
726 1359 752 1375 “
771 1354 816 1389 est
835 1363 953 1391 autem
983 1355 1050 1391 ser-

429 1418 490 1442 mo
510 1404 725 1441 Ennianus'’
756 1404 825 1440 hoc
846 1405 960 1449 bene;
990 1406 1049 1443 sed

427 1457 580 1507 reliqua,
613 1469 690 1505 quae
707 1455 962 1505 subjiciuntur,
987 1470 1049 1507 pa-

428 1523 507 1546 rum
531 1508 611 1544 sunt
642 1506 842 1556 perspicua.
899 1508 1050 1546 Scilicet

424 1562 488 1598 alii
520 1560 652 1596 teetum
679 1557 844 1607 bipatens
862 1559 927 1596 effe
944 1569 1048 1610 puta·

426 1622 522 1655 runt,
550 1611 651 1660 quod
678 1609 787 1646 habet
821 1609 914 1647 fores
951 1611 1048 1649 binis

422 1663 536 1701 valvis
563 1670 712 1712 apertaS.
766 1660 827 1698 Ad
847 1675 882 1699 ν.
904 1663 927 1699 6
945 1662 1044 1702 idern

422 1715 585 1753 Servius:
605 1720 632 1735 “
645 1719 817 1763 quianam,
828 1725 906 1758 cur,
915 1728 1043 1765 quare:

420 1768 533 1805 sermo
549 1765 748 1808 Ennianus,
770 1771 927 1815 quianam
945 1767 1040 1819 ligio-

419 1836 473 1857 nes
489 1821 744 1867 caedimusfirro
755 1817 802 1852 ?'’
823 1816 899 1866 sup.
921 1817 973 1861 V,
996 1832 1038 1868 13

418 1873 495 1908 Heu
512 1877 668 1921 quianam
686 1874 776 1904 tanti
797 1874 974 1908 cinxerunt
989 1886 1039 1906 (ε-

416 1924 514 1961 ehem
528 1921 665 1959 nimbi?

471 1978 507 2013 6.
551 1971 683 2008 Oratio
716 1969 818 2018 Jovis
847 1971 1037 2021 majestatis

415 2027 533 2077 plena,
561 2024 636 2074 ipsa
670 2021 843 2059 brevitate
874 2034 909 2060 et
940 2024 1035 2060 anti-

415 2091 494 2128 quae
507 2075 682 2113 orationis
697 2072 837 2119 studi03
868 2075 914 2111 fic
933 2079 1039 2124 versa

415 2141 498 2167 raro
514 2140 579 2177 pro
600 2134 748 2163 mutata.
783 2132 903 2163 animis
920 2132 1037 2177 iniquis

413 2179 481 2230 pro
520 2178 665 2216 infestis.
735 2179 770 2213 8³
815 2177 893 2226 sqq.
939 2177 1036 2215 Nus-

414 2245 538 2282 quam,
558 2231 583 2267 fi
601 2229 690 2266 bene
711 2227 950 2272 meminimus,
970 2242 1035 2278 po-

414 2289 474 2321 eta
503 2278 800 2320 commemoravit
818 2280 856 2316 in
875 2280 1032 2330 superio-

409 2335 524 2378 ribus,
559 2332 687 2380 Jovem
718 2331 954 2376 interdixisse,-
985 2345 1031 2369 ne

408 2386 465 2424 dii
495 2385 630 2422 bellum
660 2383 754 2420 inter
780 2383 962 2432 Trojanos
992 2393 1027 2421 et

409 2437 557 2475 Latinos
571 2435 747 2473 foverent.
802 2434 883 2472 Nec
901 2445 1028 2486 praeter

410 2490 588 2527 Venerem
619 2497 655 2525 et
681 2486 863 2535 Junonem
893 2486 953 2524 alii
971 2486 1025 2524 dii

405 2555 483 2578 eam
540 2552 614 2576 rem
667 2537 799 2575 curasse
844 2537 1024 2576 videntur.

406 2593 509 2645 Qin
528 2589 760 2642 potiusJovis
772 2588 879 2625 verba
897 2603 1022 2639 parum

405 2656 510 2682 caute
542 2642 713 2692 praemiffa
741 2640 855 2677 videri
889 2642 1030 2691 possunt

404 2696 469 2733 lib.
503 2696 535 2739 Ι,
565 2695 636 2743 263
658 2692 790 2731 Bellum
808 2699 918 2743 ingens
933 2704 1029 2743 geret

405 2748 515 2785 Italia
547 2755 619 2783 etc.
681 2744 763 2780 Nec
800 2743 943 2780 Servius
978 2745 1026 2781 ad

406 2799 440 2835 h.
476 2799 502 2836 l.
548 2810 620 2834 rem
659 2795 819 2845 expedit.
892 2795 1026 2832 Refero

403 2849 557 2894 ἕψημα
571 2848 645 2886 fere
656 2846 776 2886 omnia
792 2846 932 2893 loca‚in
947 2846 1026 2897 qui-

1590 1111 1745 1142 Vetuerat

1293 1157 1382 1200 Qid
1409 1156 1508 1199 igitur
1534 1161 1743 1193 metuendum

1116 1302 1182 1339 bus
1200 1303 1351 1341 deorum
1380 1304 1600 1342 interventus
1632 1319 1743 1358 expo-

1118 1354 1218 1391 nitur
1255 1355 1322 1402 (cf.
1357 1356 1508 1393 Excurs.
1544 1356 1561 1392 Ι
1599 1358 1644 1393 ad
1672 1359 1740 1397 lib.

1116 1404 1208 1452 IX),
1238 1405 1330 1443 inter
1364 1420 1405 1444 ea
1437 1421 1518 1457 quae
1547 1408 1753 1448 AEneidemr

1114 1458 1276 1494 nondum
1322 1457 1521 1495 absolutam
1568 1472 1737 1510 arguunt.

1118 1506 1264 1551 Voluit,
1294 1519 1397 1558 puto,
1429 1510 1501 1547 haec
1519 1512 1736 1560 praestruere,

1114 1569 1153 1596 ut
1172 1559 1338 1602 debebat,
1367 1560 1405 1596 in
1424 1561 1683 1611 superioribus,
1700 1575 1736 1601 et

1111 1610 1262 1647 deorum
1281 1611 1428 1649 consilia
1442 1613 1592 1649 omnino
1606 1624 1734 1651 attem-

1109 1674 1229 1710 perare
1259 1663 1380 1712 paullo
1399 1662 1611 1713 diligentius
1629 1665 1734 1704 rebus

1108 1713 1148 1749 in
1163 1713 1272 1750 Latio
1290 1714 1394 1765 gestis
1410 1730 1421 1759 3
1449 1714 1508 1751 sed
1527 1729 1622 1753 mors
1639 1717 1733 1754 inci-

1108 1764 1163 1801 dit
1193 1777 1354 1803 conatus.
1427 1765 1566 1803 Interea
1593 1769 1732 1818 poffunt

1107 1814 1182 1853 haec
1197 1827 1232 1853 et
1248 1817 1317 1854 alia
1331 1817 1447 1854 videri
1463 1831 1507 1854 ex
1522 1831 1564 1856 eo
1581 1831 1728 1868 genere,

1105 1880 1185 1916 quae
1204 1869 1313 1905 tacite
1340 1882 1360 1905 a
1389 1873 1511 1919 poeta,
1544 1879 1729 1920 tamquam

1103 1918 1209 1964 faeta,
1237 1920 1322 1970 poni
1356 1930 1569 1970 potuerunt3
1621 1924 1728 1960 adeo-

1102 1983 1171 2019 que
1202 1984 1252 2008 res
1271 1972 1342 2008 hoe
1371 1972 1481 2008 modo
1500 1975 1698 2022 procedunt
1716 1988 1726 2011 2

1098 2020 1196 2068 Juno
1250 2023 1358 2060 nimis
1402 2022 1533 2073 cupide
1586 2024 1725 2062 faverat

1102 2072 1255 2120 Turn03
1285 2085 1321 2111 ut
1340 2073 1450 2110 etiam
1467 2075 1613 2125 Jupiter
1636 2090 1723 2114 con-

1102 2123 1232 2162 sultum
1266 2127 1429 2168 duceret,
1462 2139 1610 2164 avocare
1643 2141 1722 2167 eam

1099 2188 1119 2211 a
1153 2190 1275 2227 pugna
1308 2177 1384 2227 sup.
1417 2176 1494 2221 IX,
1536 2180 1607 2217 802
1641 2180 1720 2230 sqq.

1100 2228 1240 2266 Eadem
1295 2228 1451 2278 Junonis
1506 2228 1722 2280 impotentia

1097 2290 1215 2316 motus
1230 2281 1375 2330 Jupiter
1404 2280 1602 2318 concilium
1634 2282 1722 2320 deo-

1095 2343 1178 2370 rum,
1193 2331 1340 2375 indicit,
1363 2341 1403 2368 ut
1422 2331 1569 2369 deorum
1591 2333 1719 2379 studia,

1092 2380 1247 2430 Junonis
1261 2382 1442 2434 inprimis,
1463 2382 1645 2433 reprimat.

1144 2447 1181 2484 9.
1227 2435 1323 2487 Qis
1358 2444 1487 2477 metus,
1527 2435 1714 2484 cujusnam

1092 2487 1179 2524 mali
1212 2497 1276 2523 aut
1307 2484 1462 2536 periculi
1494 2486 1716 2536 depellendi,

1090 2537 1258 2581 adduxit,
1291 2548 1330 2574 ut
1361 2546 1513 2587 utraque
1545 2550 1624 2586 pars
1641 2538 1716 2576 bel-

1089 2589 1164 2625 lum
1202 2589 1388 2626 moveret?
1425 2589 1546 2626 Docta
1584 2589 1715 2629 oratio.

1076 2645 1218 2691 ferrum
1253 2640 1413 2689 lacffre,
1451 2644 1568 2690 poe'tae
1614 2641 1712 2679 idem

1072 2691 1152 2737 est,
1178 2692 1275 2742 quod
1296 2691 1560 2741 aliasrmovere,
1578 2690 1714 2729 Lucre-

1090 2743 1135 2780 tii
1178 2743 1366 2792 exemplo:
1424 2744 1578 2794 Namque
1621 2744 1713 2781 alias

1090 2795 1188 2832 aliud
1210 2811 1259 2832 res
1283 2805 1460 2832 commovet
1476 2806 1575 2843 atque
1590 2793 1715 2840 laceffit

1089 2846 1157 2885 lib.
1193 2846 1266 2890 IV,
1315 2858 1424 2895 1033.
1492 2845 1552 2883 Sic
1595 2846 1710 2933 nqster

1612 2907 1709 2934 <ixit
