1847 3313
369 276 783 334 AENEIDOS,
830 273 980 322 LIB.
1033 272 1129 321 IX.
1334 284 1429 336 297

182 412 328 461 Nisus
352 425 449 459 erat
471 421 625 475 portae
650 409 818 464 custos,
852 405 1112 453 acerrimus
1130 401 1291 460 armis,
1345 400 1428 463 176

117 504 440 568 Hyrtacide83
476 501 707 548 comitem
732 498 899 546 AEneae
923 512 1067 559 quem
1093 494 1284 542 miserat
1309 493 1395 540 Ida

117 594 358 649 venatrix,
385 590 548 657 jaculo
571 587 775 634 celerem
797 582 1071 644 levibusque
1093 580 1303 644 sagittis;

118 684 183 731 Et
198 683 336 747 juxta
358 696 518 728 comes
542 677 790 738 EuryaluS,
824 690 920 737 quo
943 673 1188 737 pulchrior
1206 673 1323 719 alter

117 772 231 821 Non
251 773 341 819 fuit
364 769 649 823 AEneadum,
688 765 893 829 Trojana
918 779 1069 826 neque
1093 763 1250 809 induit
1273 780 1402 811 arma
1416 787 1432 820 3

119 930 291 963 Marcellus
318 930 349 960 in
371 930 453 964 tueri,
492 926 660 958 consutum
691 935 729 957 ex
748 924 804 955 vss.
832 933 896 957 222
923 930 954 955 et
986 924 1058 957 164.
1102 923 1135 965 ςβ
1163 921 1310 952 omissum
1326 921 1358 951 in
1373 921 1432 953 sec,

117 982 236 1014 Hamb.
331 989 402 1019 177.
432 980 480 1009 Ide
503 980 625 1008 Morct.
651 976 709 1007 sec.
760 978 821 1006 Ytla
850 973 1153 1011 Dotvlll.—--—178.
1169 975 1275 1013 jaculis
1301 973 1432 1005 Vratiss,

115 1035 254 1074 leuvibzgsve
270 1033 332 1063 duo
347 1033 454 1062 Burm.
546 1038 618 1070 179.
643 1030 770 1071 Itji1xta
785 1038 833 1069 pr.
852 1027 974 1058 Mox-et,
1020 1026 1145 1055 Verum
1162 1026 1293 1064 Etjuxta
1310 1023 1352 1054 est
1363 1033 1434 1064 pru,

116 1092 150 1115 et
166 1096 228 1115 una
241 1095 313 1115 cum
325 1084 403 1124 ipso,
424 1083 484 1121 ὅμέ,
508 1081 554 1111 σὸν
579 1081 666 1120 αὐτῷ,
689 1088 755 1110 erat
774 1082 810 1111 E.
861 1079 901 1107 Et
918 1079 1022 1118 A'fitm
1038 1075 1130 1117 juxta
1153 1077 1296 1116 Euryalus
1312 1074 1436 1117 aliquot

117 1136 201 1170 Pier.

119 1258 267 1295 doctum
320 1258 483 1309 adeoque
540 1257 744 1309 poeticum,

120 1324 229 1359 quam
261 1310 515 1360 interpretari:
559 1323 622 1360 per
651 1311 744 1346 vices

121 1371 263 1399 exercet
296 1362 351 1405 id,
379 1362 478 1412 quod
497 1371 584 1405 etc„
611 1362 665 1397 vel
684 1374 745 1397 ex-

122 1424 217 1450 ercet
238 1413 332 1450 vices
347 1422 522 1463 quantum
537 1413 583 1449 ad
596 1413 634 1450 id
649 1412 747 1463 spec-

123 1474 191 1509 tat,
217 1466 314 1514 quod
329 1476 400 1502 etc.

179 1530 192 1553 1
202 1529 219 1567 7
228 1516 392 1566 (ὗε-449.
409 1515 634 1553 Pervenimus
650 1528 745 1553 nunc

122 1567 169 1605 ad
203 1567 421 1617 epispdium,
466 1568 632 1605 AEneidis
667 1581 746 1604 om-

122 1619 226 1661 nium
257 1619 366 1656 facile
402 1619 674 1663 nobiliffimum,
701 1619 747 1655 de

124 1670 221 1708 Niso
244 1681 279 1707 et
298 1671 473 1719 Euryalo,
500 1671 603 1720 cujus
632 1669 747 1706 suavi-

122 1733 177 1759 tas
194 1721 332 1758 summa
358 1722 523 1772 inprimis
547 1722 592 1758 ad
610 1721 746 1758 sensum

122 1784 159 1816 et
176 1773 400 1810 affeftionem
416 1773 589 1811 amicitiae
607 1773 677 1809 sese
695 1785 748 1809 re-

123 1826 206 1864 fert.
262 1825 331 1861 Sed
363 1826 577 1862 accesserunt
606 1833 659 1864 tot
677 1824 748 1861 alia

124 1878 171 1918 ad
189 1876 327 1918 animos
339 1878 531 1915 movendos
544 1889 749 1912 accommo-

123 1929 232 1969 data:
277 1928 447 1978 generosa
470 1940 662 1978 puerorum
693 1927 749 1965 in-

124 1981 224 2023 doles
239 1995 249 2024 3
277 1980 446 2030 praeclara
463 1979 578 2017 laudis
593 1978 746 2029 cupido,

125 2042 162 2072 et
181 2031 296 2068 virtus
314 2032 452 2068 nullam
471 2031 672 2068 mercedem
684 2043 747 2066 ex-

125 2094 261 2134 petens,
305 2082 383 2132 ipso
420 2082 514 2120 sacto
555 2091 746 2125 contenta;

126 2134 303 2185 respectus
348 2135 500 2171 materni
545 2133 677 2170 amoris
706 2146 747 2170 ac

124 2186 267 2238 pieta53
306 2185 457 2227 Ascanii
477 2185 577 2235 pueri
608 2195 644 2220 et
662 2185 750 2221 Ale-

127 2248 174 2274 tae
211 2236 300 2274 senis
335 2236 582 2274 benevolentia
608 2235 647 2271 in
673 2249 749 2278 eos,

127 2289 281 2339 Singula
323 2287 504 2338 explicare
539 2289 593 2325 vel
628 2287 751 2324 saltem

126 2350 253 2377 not-are
285 2339 460 2389 magistris
474 2339 671 2388 juventutis
698 2339 751 2375 fa-

127 2392 200 2429 cile
213 2391 304 2428 erit:
336 2391 395 2428 sed
417 2389 636 2428 utanturtali
652 2391 748 2435 loco,

127 2442 276 2486 suadeo,
303 2444 350 2480 ad
380 2443 567 2479 tentandas
600 2452 636 2478 et
671 2441 750 2478 alli-

128 2494 274 2531 ciendas
306 2504 438 2531 mentes
469 2494 748 2536 adolescentum,

129 2546 194 2595 qui
212 2545 299 2583 alias
314 2545 371 2582 seu
386 2555 519 2583 naturae
532 2546 590 2581 seu
610 2544 750 2581 institu-

129 2597 240 2641 tionis
258 2597 349 2634 vitio
376 2598 423 2634 ad
454 2601 643 2647 poetarum
661 2595 751 2632 deli-

131 2648 204 2685 cias
235 2649 327 2685 callo
363 2649 557 2686 obductum
591 2648 750 2698 palatum

131 2699 277 2746 habent.
330 2699 449 2752 Qem
467 2713 552 2737 vero
577 2713 621 2736 ne
651 2700 754 2749 hujus

126 2751 280 2800 ,quidem
312 2751 384 2793 loci
413 2751 605 2789 dulcedine
621 2751 754 2788 tactum

131 2802 278 2847 videant
286 2802 470 2854 juvenem,
495 2817 577 2843 eum
595 2801 694 2841 omni
709 2800 755 2847 li-

292 1133 365 1165 180.
389 1146 470 1174 neque
485 1143 503 1163 a
515 1132 622 1163 Pierio
636 1142 696 1174 pro
711 1143 767 1161 nec.
810 1128 869 1161 Ed.
888 1129 970 1161 Ven.
992 1127 1167 1169 ‘Trqjanaque
1181 1128 1277 1157 induit.

807 1256 921 1294 berali
932 1254 1121 1305 disciplina
1134 1254 1325 1305 indignum
1333 1253 1437 1303 judi-

810 1317 904 1345 cent.
985 1307 1179 1345 Diomedis
1224 1316 1260 1343 et
1302 1305 1436 1353 Ulyffis

810 1360 982 1409 egreffum
1018 1360 1232 1396 nouurnum
1262 1369 1306 1393 ex
1324 1356 1436 1395 Iliad.

811 1430 833 1457 κ
845 1416 964 1461 poetae
982 1420 1064 1447 ante
1081 1410 1206 1446 oculos
1238 1408 1342 1445 fuiffe
1361 1421 1436 1445 non

813 1463 966 1499 dubito:
995 1463 1165 1499 viderunt
1196 1460 1263 1497 hoc
1279 1461 1354 1509 jam
1374 1473 1435 1497 ve-

813 1523 926 1550 teres:
970 1528 1004 1550 v.
1027 1512 1170 1549 Servius
1187 1512 1234 1548 ad
1251 1525 1286 1547 v.
1311 1525 1324 1548 1
1357 1511 1436 1559 huj.

812 1565 896 1609 lib„
924 1565 984 1602 sed
1022 1564 1120 1614 quod
1147 1565 1283 1600 amoris
1317 1563 1436 1601 mutui

813 1616 970 1660 affeetus,
1000 1628 1083 1653 mox
1116 1625 1229 1651 metus
1259 1615 1304 1650 de
1331 1614 1436 1662 juve·

814 1681 901 1704 num
921 1668 1189 1704 fortiffimorum
1210 1664 1437 1709 discrimine,

812 1719 1029 1770 tandemque
1049 1717 1231 1754 miseratio
1260 1717 1297 1753 in
1318 1730 1438 1754 narra-

812 1770 948 1806 tionem
966 1771 1065 1807 illata
1085 1771 1145 1813 est,
1173 1769 1241 1805 hoc
1255 1769 1437 1813 Maronis,

812 1821 943 1861 summi
971 1826 1105 1872 poetae,
1132 1821 1281 1870 iugenio
1310 1820 1437 1858 deberi

810 1873 967 1913 videtur.
1048 1873 1168 1909 Etiam
1215 1871 1366 1908 accessus
1400 1881 1438 1910 et

810 1925 974 1962 transitus
992 1924 1038 1961 ad
1054 1922 1259 1974 episodium
1285 1923 1373 1960 lenis
1389 1924 1438 1961 est

812 1986 848 2012 et
867 1975 1030 2026 firnplex,
1085 1975 1219 2026 Egerat
1249 1975 1298 2011 de
1323 1975 1439 2011 custo-

813 2027 886 2064 diis
902 2036 938 2064 et
956 2027 1120 2066 excubiis
1135 2042 1146 2071 3
1174 2027 1221 2064 est
1241 2025 1279 2062 ln
1297 2025 1344 2063 iis
1362 2026 1438 2063 Ni„

814 2078 882 2116 sus,

872 2130 956 2181 176.
985 2128 1118 2166 Nisum
1140 2129 1300 2179 Hyrtaci
1320 2128 1438 2167 filium

815 2180 920 2226 fecit,
949 2192 1103 2226 tantum,
1131 2193 1236 2231 puto,
1261 2182 1359 2231 quod
1392 2193 1438 2219 ex

815 2232 984 2269 Homero
1020 2242 1147 2270 notum
1183 2243 1259 2269 erat
1289 2245 1437 2275 nomen,

815 2297 849 2320 v.
869 2297 901 2321 c.
922 2284 1030 2322 Iliad.
1051 2287 1090 2328 β,
1115 2289 1198 2336 837.
1223 2286 1308 2334 838.
1339 2285 1440 2321 Idam

815 2345 963 2372 matrem
986 2336 1052 2372 effe
1070 2336 1279 2386 Nympham
1304 2335 1440 2372 haben-

814 2387 898 2423 dam
917 2387 996 2439 quis
1014 2387 1156 2424 dubitet
1171 2389 1183 2424 ?
1213 2387 1362 2436 Euryali
1377 2399 1440 2436 pa-

815 2449 904 2474 trem
922 2438 1017 2475 infra
1039 2439 1089 2477 vs.
1108 2452 1175 2477 201
1205 2439 1281 2475 edit
1301 2438 1440 2487 Ophel-

814 2499 888 2533 ten,
917 2503 1047 2527 nomen
1063 2503 1083 2528 e
1102 2490 1290 2527 Thebanis
1308 2488 1440 2527 fabulis

816 2551 957 2586 notum,

872 2605 884 2629 Ι
896 2596 955 2631 80.
976 2591 1131 2645 Trojana
1146 2609 1245 2644 neque
1261 2592 1368 2628 induit
1381 2606 1442 2628 ar-

816 2660 893 2689 ma3
930 2645 1087 2682 otiosum
1107 2644 1223 2683 videri
1241 2643 1344 2680 debet
1364 2642 1441 2692 post

818 2694 905 2733 illa:
949 2713 1012 2734 non
1034 2702 1115 2748 suit
1148 2697 1353 2737 AEneadum,
1381 2693 1441 2730 sed

818 2746 969 2784 redemit
1001 2749 1142 2799 culpam
1171 2751 1281 2797 poeta
1301 2744 1440 2781 Home-

818 2798 896 2837 rica
915 2798 1033 2841 forma
1050 2813 1059 2838 ἰ
1087 2800 1229 2840 ἐδύσατο
1259 2798 1388 2846 τεύχεα
1405 2803 1443 2831 et

1299 2846 1441 2891 similia.
