1847 3313
316 223 368 235 “⁴
435 219 848 279 AENEums,
894 220 1050 272 LIB.
1097 221 1190 271 xr.
1360 238 1451 289 519

140 348 415 398 Innumeras
438 351 641 398 struxere
662 368 815 414 pyras,
839 363 885 398 et
908 367 1106 415 corpora
1126 352 1306 416 partim

141 437 303 485 Multa
317 440 475 486 virum
486 452 620 487 terrae
637 440 887 497 infodiunt,
898 442 1147 504 avectaque
1160 442 1338 505 partim
1357 456 1444 507 205

137 527 391 576 Finitimos
415 529 592 577 tollunt
617 531 665 577 in
688 547 843 594 agros,
867 532 1067 594 urbique
1090 534 1339 580 remittunt
1355 558 1370 588 ;

138 617 319 674 Cetera,
343 620 645 684 confusaeque
668 621 912 684 ingentem
936 624 1082 670 caedis
1105 640 1331 671 acervum

134 706 240 754 Nec
263 725 461 756 numero
483 726 569 756 nec
594 709 787 766 honore,
824 723 1035 758 cremant
1049 734 1062 766 ς
1099 723 1212 760 tunc
1237 714 1447 778 undique

326 796 441 842 vasti

134 882 366 929 Certatim
390 883 566 930 crebris
595 885 849 932 conlucent
871 888 1063 950 ignibus
1084 892 1204 954 agri.

133 975 390 1022 Tertialux
404 978 616 1040 gelidam
637 979 763 1025 coelo
783 979 1048 1028 dimoverat
1063 983 1284 1031 umbram
1302 1003 1312 1031 :
1351 1001 1444 1035 210

129 1063 391 1111 Maerentes
415 1065 564 1113 altum
588 1067 797 1115 cinerem
821 1080 868 1115 et
890 1069 1082 1118 confusa
1103 1073 1302 1121 ruebant

131 1151 243 1198 Offa
267 1152 399 1210 fociS,
425 1154 682 1217 tepidoque
705 1156 964 1204 onerabant
987 1175 1161 1222 aggere
1184 1172 1340 1208 terrae.

124 1240 236 1309 Jam
259 1256 369 1286 vero
391 1242 439 1287 in
463 1242 612 1300 tectis,
642 1243 907 1305 praedivitis
931 1247 1047 1294 urbe
1070 1248 1247 1308 Latini,

123 1331 399 1394 Praecipuus
424 1330 597 1396 fragor,
620 1343 665 1379 et
689 1333 817 1395 longi
843 1349 951 1395 pars
974 1337 1183 1384 maxima
1206 1338 1376 1389 luctus.

167 1473 244 1503 205.
269 1465 480 1506 terraefodiunt
496 1464 582 1498 Gud.
629 1464 770 1506 infhdiunt
781 1473 867 1497 terrae
878 1465 937 1498 sec.
957 1467 1112 1500 Rottend.
1159 1470 1340 1513 advee'iaque
1349 1471 1435 1502 Ven-

120 1522 155 1547 et
176 1514 320 1546 Parrhas.
358 1515 457 1557 pzffm
481 1515 539 1546 sec.
566 1515 690 1547 NIoret.
720 1522 751 1545 et
775 1525 834 1556 pro
849 1527 916 1548 var.
936 1516 1010 1549 lecit.
1029 1525 1104 1550 tert.
1131 1519 1284 1552 Rottend.
1330 1523 1436 1564 raptim

119 1567 190 1599 Erf.
238 1567 327 1598 Turn
355 1567 491 1607 Menag.
520 1576 566 1607 pr.
595 1565 680 1596 hunc
705 1566 832 1596 versum
862 1578 926 1598 non
955 1568 1069 1599 habet:
1097 1579 1155 1599 nec
1183 1570 1286 1602 Goth.
1311 1578 1384 1602 tert.
1401 1578 1436 1602 at

119 1617 264 1660 sequenti
287 1628 361 1648 eum
385 1617 579 1658 postponunt
610 1617 704 1652 Leid.
740 1617 867 1649 Zulich.
901 1626 932 1649 et
959 1619 1059 1652 Goth.
1090 1620 1147 1650 sec.
1238 1630 1310 1661 207.
1323 1622 1435 1664 stragis

118 1671 233 1706 Rom„
251 1676 405 1710 perpetua
429 1669 603 1702 varietate;
630 1667 672 1700 cf.
701 1667 760 1698 inf.
785 1668 860 1706 384.
892 1669 959 1710 sup.
990 1670 1049 1707 VI,
1077 1671 1320 1708 504.—208.
1346 1684 1435 1716 neque

117 1723 215 1758 bonore
231 1722 315 1762 Reg.
361 1733 433 1751 nunc
453 1723 532 1751 Ven.
560 1734 563 1736 ⁴
624 1729 696 1761 209.
722 1721 831 1763 ignibus
846 1724 918 1752 atris
938 1722 1080 1755 Parthas.
1175 1732 1251 1755 210.
1275 1725 1343 1756 coelo
1359 1726 1434 1767 gela·-

117 1774 183 1804 dam
198 1771 337 1803 Dorvill.
382 1772 544 1807 demo-verat
560 1771 689 1803 Zulich.
709 1782 727 1802 a
742 1783 785 1803 m.
810 1783 856 1813 pr.
946 1781 1021 1804 211.
1047 1783 1074 1804 et
1095 1773 1180 1805 abest
1198 1774 1340 1807 Parrhas.

115 1834 192 1858 212.
214 1824 374 1866 trepidoque
390 1823 489 1859 Goth.
536 1824 730 1866 trepidumque
746 1823 882 1855 Mentel.
909 1834 958 1864 pr.
979 1834 996 1854 a
1013 1834 1058 1856 m.
1088 1835 1134 1865 pr.
1227 1835 1299 1865 213,
1326 1828 1433 1868 Impe-

116 1876 202 1907 ditus
222 1875 331 1906 locus:
356 1874 441 1905 unde
464 1875 581 1905 mendo
598 1875 740 1905 laborare
759 1874 886 1905 versum
910 1875 1036 1906 monuit
1062 1875 1248 1908 Markland.
1279 1877 1320 1909 ad
1346 1879 1428 1912 Stat.

115 1927 193 1959 Silv.
212 1925 346 1968 Vpraef.
392 1927 433 1957 Et
455 1925 528 1956 sane
550 1928 578 1957 in
593 1925 783 1957 teHis—urbe
798 1927 899 1956 Latini
926 1925 1033 1956 scabra
1060 1926 1188 1958 videtur
1215 1927 1275 1959 esse
1300 1929 1427 1961 oratio:

113 1979 165 2012 cui
177 1977 271 2009 variis
286 1976 390 2008 modis
405 1983 529 2018 poterat
545 1976 678 2009 occurri.
727 1977 793 2018 Ipse
811 1978 918 2008 Burm.
939 1977 1020 2018 conj.
1050 1979 1078 2008 in
1102 1978 1182 2020 trssii
1188 1988 1223 2021 p.
1239 1979 1289 2010 vel
1305 1982 1333 2011 in
1349 1983 1431 2012 ιεὲἲίς

112 2040 141 2064 et
155 2031 268 2062 divitis.
313 2027 408 2060 Deest
424 2030 452 2059 in
467 2027 536 2060 Erf.
584 2037 611 2059 et
637 2031 714 2059 tefiis
742 2029 852 2060 Franc.
900 2028 1007 2059 Potest
1026 2035 1133 2059 tamen
1150 2028 1238 2061 locas
1261 2029 1427 2072 aliquanto

108 2081 214 2125 juvari
245 2079 446 2111 distinetione
462 2087 493 2111 et
509 2080 773 2121 interpretatione
798 2080 1039 2121 opportuniore.
1083 2080 1212 2111 Transit
1228 2081 1267 2111 ab
1285 2082 1368 2125 agris
1383 2083 1425 2114 ad

110 2134 236 2166 laetum
252 2130 283 2161 in
301 2129 377 2161 urbe
392 2140 399 2161 ε
424 2130 594 2162 dicendum
610 2138 677 2161 erat
694 2131 726 2161 in
742 2131 835 2161 tediis
858 2130 890 2161 h.
913 2131 1060 2168 domibus
1075 2131 1162 2164 urbis
1173 2143 1190 2170 ς,
1204 2132 1264 2171 hoc
1281 2133 1321 2173 fic
1336 2142 1425 2176 extu-

108 2186 171 2221 litt
195 2187 222 2217 in
237 2185 314 2215 terris
330 2191 368 2226 p.
393 2182 462 2213 urbe
480 2185 581 2215 Latini
603 2184 643 2215 P.
724 2191 809 2220 «214.
832 2185 1023 2227 Praeczpimus
1046 2184 1156 2216 Franc.
1201 2185 1275 2229 longi
1305 2186 1422 2220 Heius,

1343 2236 1426 2269 bene

109 2312 148 2349 in
166 2310 274 2347 Italia
291 2308 428 2359 semper
443 2309 597 2346 variavit
613 2309 729 2361 sepul-

108 2371 203 2405 tura,
233 2360 344 2398 modo
377 2360 588 2398 humatione
619 2363 728 2398 modo

109 2413 329 2451 crematione
363 2411 403 2451 in
436 2411 536 2449 usum
573 2423 730 2463 recepta.

108 2465 169 2502 Sic
187 2463 281 2514 apud
316 2462 525 2501 Romanos:
555 2463 602 2500 fic
634 2465 730 2514 apud

106 2516 291 2554 Etruscos.
343 2521 469 2552 avec‘Ja
499 2513 630 2560 tollunt,
670 2529 728 2553 or-

107 2578 204 2610 nate,
234 2565 390 2604 avehunt
408 2580 417 2603 :
444 2566 495 2604 sc.
515 2565 671 2604 sublatos
689 2567 729 2604 in

106 2631 266 2656 currum.
307 2617 398 2661 urbi,
414 2617 608 2656 Laurento.
639 2632 726 2670 207.

106 2672 232 2713 caedis;
286 2668 470 2708 caesorum.
544 2674 631 2708 208.
673 2686 730 2708 nec

106 2733 189 2759 cum
209 2735 356 2764 numero,
387 2733 461 2757 non
479 2734 628 2759 numero
656 2721 728 2758 ini..

106 2781 160 2827 to,
186 2788 242 2813 nec
265 2783 350 2814 cum
367 2771 498 2820 bonore,
512 2772 600 2824 quia
615 2771 729 2813 indis-

796 2319 906 2355 crete,
926 2324 989 2359 nec
1009 2313 1154 2364 fingulis
1172 2313 1301 2365 singuli
1323 2316 1422 2366 rogis

795 2374 1022 2400 cremantur:
1051 2366 1148 2415 quod
1175 2365 1420 2405 honorificum

794 2414 924 2453 fuisset.
979 2428 1055 2454 210
1074 2416 1125 2466 sq.
1140 2430 1175 2453 v.
1190 2417 1299 2453 modo
1316 2418 1360 2454 ad
1380 2431 1419 2456 v.

797 2478 883 2503 201.
957 2467 1113 2511 ruebant,
1156 2468 1202 2504 de
1235 2467 1418 2507 cineribus

792 2517 978 2561 eruebant,
994 2531 1076 2568 pro,
1096 2518 1273 2570 legebant.
1314 2525 1417 2571 focus

793 2569 960 2606 audacter
976 2571 1021 2606 de
1038 2583 1137 2620 pyra.
1180 2583 1266 2608 212.
1284 2573 1414 2622 tepido:

793 2619 973 2665 transsate,
1008 2622 1067 2658 cui
1087 2620 1207 2673 tepida
1232 2622 1303 2660 offa
1319 2621 1415 2661 infe-

793 2670 977 2710 rebantur.

843 2737 883 2761 21
894 2736 930 2772 3.
964 2727 1001 2760 in
1033 2729 1141 2767 tediis,
1176 2737 1239 2774 per
1271 2727 1412 2777 appofi-

788 2780 884 2825 tum,
912 2774 994 2814 urbe
1019 2775 1167 2815 Latini:
1196 2789 1260 2827 pro
1278 2777 1316 2815 in
1335 2789 1412 2816 tec-

1348 2839 1412 2881 ‘¹⁵³
