1847 3313
340 274 460 330 AD
517 269 896 327 LIBRUM
951 268 1066 324 VII.
1268 284 1358 340 159

44 414 171 464 quidem
190 411 342 451 <Turnum
360 409 553 448 matruelem
569 408 707 447 Amatae
724 409 831 459 fuffl
848 407 967 446 tradzsst
1021 405 1148 444 Paullo
1177 413 1262 443 ante
1287 420 1361 443 con-

29 472 210 522 sobrinum
227 472 366 508 Amatae
380 470 535 507 dixerat.
588 468 714 517 Itaque
740 478 776 504 et
799 468 874 504 haec
892 468 1002 518 po'e‘ta
1020 479 1094 502 non
1113 465 1175 503 inv
1178 465 1272 510 enit,
1297 463 1360 503 sed

46 531 87 568 in
105 530 201 567 suam
217 543 290 567 rem
309 528 499 566 transtulit.

102 590 214 628 Porro
231 590 325 626 inter
342 587 462 625 Turni
476 587 726 638 progenitores
744 585 920 624 Pilumnus
933 599 946 622 .·
974 584 1070 622 ibid.
1100 585 1168 621 Cui
1187 582 1363 620 Pilumnus

47 665 151 698 avus.
206 649 295 688 Non
310 647 489 684 subtiliter
502 661 583 684 cum
598 651 706 697 poeta
725 646 924 696 agendum,
942 643 1006 694 qui
1022 643 1231 680 Pilumnum
1249 642 1361 678 modo

31 708 170 751 'avum‚
194 708 305 746 modo
324 717 505 757 parentem
541 706 624 755 (lib.
643 705 720 749 IX,
748 706 811 753 4),
837 703 946 741 etiam
965 703 1119 740 abavum
1137 701 1257 739 Turni
1270 700 1362 739 facit

51 768 124 815 (X,
143 772 216 819 619
245 767 478 817 Pillcrnrzusqtce
503 766 558 803 illi
580 776 718 816 quartus
730 767 855 814 paler)
870 778 881 807 3
911 762 1027 799 utitur
1044 761 1140 799 enim
1158 761 1364 798 communi-

51 826 118 863 bus
135 827 323 864 vocabulis
336 825 508 876 parentis,
535 824 610 868 avi,
637 825 765 861 latiore
783 822 895 860 sensu.
949 822 1082 860 Valere
1101 830 1220 858 autem
1236 831 1272 857 et
1291 820 1362 857 hoc

51 899 183 924 nomen
202 887 247 923 ad
268 885 486 936 dignitatem
513 884 653 934 generis
679 883 879 934 augendam
905 882 1026 919 debet.
1082 879 1167 917 Fuit
1184 879 1279 917 enim
1300 880 1365 917 Pi-

51 946 195 983 lumnus
215 958 345 982 nomen
363 944 422 980 dei
440 943 636 993 Indigetis,
662 956 767 993 quem
787 942 884 979 varie
901 941 1181 990 interpretantur
1211 949 1364 984 veteres,

52 1006 163 1041 modo
181 1004 244 1054 qui
263 1017 347 1040 cum
368 1003 543 1040 Picumno
564 1002 656 1039 inter
672 1003 757 1038 deos
774 1001 981 1050 conjugales
998 999 1055 1042 fit,
1073 1008 1181 1048 atque
1198 997 1365 1035 infantia:

52 1063 145 1100 mala
164 1063 356 1113 propellat,
374 1062 486 1099 modo
501 1062 564 1112 qui
589 1075 609 1098 e
629 1062 700 1099 diis
716 1060 909 1112 agrestibus
929 1059 986 1104 fit,
1006 1058 1081 1108 pilo
1098 1058 1246 1095 invento
1265 1055 1366 1094 rusti-

51 1123 104 1160 cis
120 1131 255 1173 gratus‚
283 1121 380 1158 idern
398 1121 463 1172 qui
482 1120 680 1158 Stercutius
702 1134 710 1157 :
749 1120 850 1157 conf.
877 1119 974 1156 SerV.
997 1118 1045 1154 ad
1068 1117 1135 1155 lib.
1160 1117 1238 1161 IX,
1269 1131 1306 1166 3.
1324 1130 1366 1165 4,

51 1184 118 1221 lib.
138 1182 194 1225 X,
226 1183 290 1233 76,
327 1192 363 1218 et
391 1182 492 1219 Non.
522 1181 642 1220 Marc.
670 1181 766 1226 XII,
806 1181 866 1230 36.
918 1179 1059 1229 'Arguit
1092 1178 1169 1215 haec
1202 1178 1277 1229 ipsa
1308 1177 1367 1215 in-

52 1242 319 1294 terpretationis
348 1242 531 1278 diverfitas
561 1241 768 1278 vetustatem
802 1238 1002 1289 religionis.
1057 1239 1127 1276 Per
1157 1239 1366 1276 Pilumnum

53 1313 173 1340 autem
189 1315 300 1352 genus
313 1301 416 1338 suum
429 1302 578 1338 Turnus
592 1301 637 1337 ad
652 1300 745 1351 ipsos
763 1300 848 1337 deos
865 1298 1051 1346 Saturnios
1063 1308 1100 1335 et
1114 1298 1160 1335 ad
1176 1298 1287 1349 ipsam
1300 1298 1368 1348 Ju-

54 1375 187 1398 nonem
218 1361 349 1398 referre
381 1360 525 1404 debuit,
551 1359 629 1404 etsi,
657 1374 728 1411 qua
755 1360 896 1397 ratione
924 1358 963 1395 id
991 1357 1141 1401 facium,
1176 1357 1367 1397 obscurum

53 1421 96 1458 fit
109 1437 120 1465 ;
152 1433 233 1457 nam
249 1420 347 1469 Juno
364 1420 429 1458 lib.
451 1419 506 1463 X,
524 1423 597 1459 618
617 1420 686 1457 Ille
701 1433 813 1457 tamen
829 1422 938 1469 nqstra
952 1419 1079 1457 deducit
1095 1425 1219 1470 orzgiue
1237 1435 1366 1465 nomen,

53 1481 289 1531 Pilumnusque
305 1483 366 1532 ipst
378 1492 515 1532 quartus
528 1491 639 1529 pater.
666 1481 722 1517 Ut
736 1480 970 1517 obscuritates
987 1479 1092 1528 hujus
1107 1478 1224 1530 stirpis
1241 1479 1369 1517 tollan-

55 1551 140 1584 tur,
165 1553 231 1592 age
245 1553 470 1591 apponamus
487 1539 603 1590 ipsum
617 1541 761 1578 stemma
777 1552 797 1577 e
816 1537 980 1590 Virgilio
998 1538 1250 1577 adumbratum

313 1598 487 1635 Saturnus
1031 1596 1206 1636 Saturnus

306 1649 494 1737 Piluinnus
1058 1649 1168 1738 Pic'us

70 1831 120 1859 (-
277 1751 740 1845 -κΙκ--ψ--Ἶ
1033 1752 1374 1851 Fauiiuvaarica

111 1856 260 1894 Venilia
536 1856 606 1892 Am
613 1867 670 1892 ata
1108 1855 1115 1906 Ι

57 1919 167 1959 nupta
187 1908 318 1945 Dauno
471 1917 582 1958 nupta
602 1907 735 1945 Latino
1031 1905 1232 1954 Latinusv
1239 1907 1372 1944 Amata

110 1959 256 2047 Turinus
1123 1958 1294 2049 Lavinia.

75 2072 110 2100 et
125 2062 145 2111 J
153 2072 213 2099 utu
219 2074 283 2098 rna

114 2121 172 2158 De
203 2122 375 2170 Juturna‚
403 2121 523 2158 Turni
542 2121 676 2164 sorore,
695 2119 870 2172 Nympha
883 2120 997 2165 Latii,
1015 2120 1120 2172 supra
1134 2121 1286 2160 Excurs.
1314 2122 1374 2160 ΙΙΙ

61 2190 155 2218 extr.
183 2180 402 2230 disputatum
416 2181 476 2217 est.

114 2240 188 2276 Etsi
206 2238 320 2289 igitur
337 2239 484 2276 Turnus
501 2238 671 2276 Graecam
691 2238 874 2289 originem
891 2239 1022 2278 referre
1038 2240 1156 2279 videri
1173 2242 1308 2293 potuit,
1327 2256 1373 2280 ex

62 2300 174 2337 altera
201 2310 319 2337 tamen
347 2309 446 2349 parte
473 2299 568 2336 inter
596 2298 747 2336 Latinos
776 2300 962 2349 populares
994 2301 1138 2340 habitus
1167 2305 1228 2341 est.
1281 2305 1375 2343 Inde

61 2358 227 2397 exclusus
253 2359 300 2395 est
324 2357 499 2408 conjugio
519 2357 607 2393 Lav
586 2357 682 2395 miae
701 2358 745 2395 ab
763 2359 926 2403 oraculo,
954 2360 1055 2409 quod
1071 2361 1247 2400 advenam
1261 2363 1296 2400 ei
1314 2364 1378 2401 de-

62 2419 265 2461 stinaverm,
285 2418 811 2468 nonaliquemepopularibus‚
831 2418 896 2455 lib.
912 2418 1004 2464 VII,
1024 2424 1086 2468 96.
1115 2421 1157 2458 In
1173 2422 1229 2459 his
1247 2421 1374 2460 iisdem

65 2491 142 2516 vert
147 2479 219 2515 itur
231 2477 497 2527 argumentitio
510 2477 652 2514 Amatae
664 2477 755 2522 VII,
773 2478 843 2529 365
860 2477 937 2528 sqq.
950 2478 999 2517 cf.
1019 2478 1111 2517 Not.
1124 2480 1170 2517 ad
1182 2494 1270 2531 599.
1286 2481 1377 2520 600.

115 2536 229 2589 Qod
258 2537 424 2573 Turnum
456 2535 688 2572 Herdonium
713 2537 906 2587 appellavit
937 2537 1066 2575 Vic'ior
1086 2539 1135 2576 O.
1157 2540 1209 2577 G.
1232 2540 1279 2576 R.
1314 2553 1375 2588 13,

64 2596 184 2645 gravis
211 2596 258 2632 est
283 2594 401 2644 lapsus
432 2607 478 2630 ex
506 2595 768 2644 permutatione
798 2596 918 2633 Turni
953 2596 1139 2635 Herdonii
1159 2599 1376 2636 Latinorum

65 2653 257 2705 principis,
291 2666 398 2702 quem
426 2652 624 2703 Tarquinii
651 2654 802 2705 Superbi
821 2654 916 2692 fraus
934 2656 1076 2695 evertit.
1130 2658 1311 2694 Caetetum
1331 2659 1378 2696 de

68 2712 198 2748 Turno
215 2721 250 2747 et
268 2711 391 2747 Ardea
409 2712 486 2760 post
513 2712 724 2750 Cluverium
753 2712 830 2763 egit
862 2712 1005 2764 copiose
1039 2715 1231 2766 Vulpius
1222 2729 1260 2752 m
1290 2716 1378 2756 Ver.

67 2771 150 2809 Lat.
179 2771 289 2808 Tom
309 2770 362 2815 V,
389 2770 448 2807 sed
474 2771 648 2812 doftrinae
675 2772 939 2813 subtilitatem
930 2788 969 2813 m
985 2776 1161 2828 plerisque
1187 2776 1378 2823 defideres,

66 2830 211 2883 copiam
228 2830 335 2870 facile
349 2830 537 2870 concedas.

1099 2892 1378 2933 EXCURSUS
