1847 3313
588 297 643 345 Ρ.
683 291 1052 342 VIRG1L11
1116 288 1511 337 MARONIS

391 311 487 362 204

394 430 663 480 Pertulerit.
732 428 809 474 Tu
833 426 1107 488 nubigenas,
1143 423 1327 478 inviele,
1351 419 1632 469 bimembris

394 525 740 586 Hylaeumque,
763 517 1061 577 Pholumque
1085 529 1242 569 manu,
1265 525 1316 559 tu
1343 510 1497 558 Cresia
1521 508 1698 556 maetas

395 613 637 675 Prodigia,
652 623 698 657 et
715 610 895 656 vastum
912 610 1094 656 Nemea
1111 606 1138 653 s
1133 607 1195 653 ub
1214 621 1329 668 rupe
1347 604 1549 651 leonem.
1608 612 1695 664 295

397 704 472 751 Te
494 701 647 764 Stygii
671 711 903 746 tremuere
927 701 1070 754 lacus,
1095 711 1140 744 te
1155 696 1334 761 janitor
1356 694 1472 741 Orci

399 794 510 842 Offa
528 791 664 853 super
685 786 910 834 recubans
934 792 1067 830 antro
1085 780 1253 829 semesa
1277 798 1474 830 cruento
1493 802 1504 831 z

399 886 504 934 Nec
529 895 575 929 te
595 879 708 928 ullae
729 877 888 932 facies,
913 891 1009 921 non
1033 875 1198 920 terruit
1220 875 1316 937 ipse
1340 875 1597 938 Typhofifug

401 974 606 1028 Arduus,
629 986 759 1017 arma
782 980 942 1014 teneus
969 990 981 1020 ;

1018 982 1113 1011 non
1138 977 1182 1011 te
1207 965 1398 1012 rationis
1420 979 1638 1028 egentem

401 1066 627 1114 Lernaeus
652 1057 790 1106 turba
811 1055 1027 1117 capitum
1052 1055 1367 1101 circumstetit
1394 1055 1576 1117 anguis.
1611 1068 1709 1115 300

404 1152 555 1208 Salve,
594 1164 704 1195 vera
727 1147 857 1209 Jovis
881 1146 1055 1209 proleS,
1078 1146 1221 1192 decus
1241 1144 1400 1191 addite
1415 1145 1554 1202 divis,

449 1293 524 1326 293.
542 1282 719 1314 bimembres:
744 1283 823 1312 Voc.
843 1278 1054 1310 Cornificium
1070 1277 1212 1319 primum
1230 1276 1340 1308 ausum
1357 1276 1415 1308 effi:
1430 1276 1551 1318 fingere
1563 1282 1713 1307 notatum

405 1336 450 1370 est
467 1347 518 1378 ap.
542 1334 691 1366 Macrob.
710 1334 769 1370 Vl,
783 1341 801 1371 5
824 1339 902 1362 extr.

992 1339 1064 1372 294.
1091 1331 1187 1360 Ylenm
1201 1331 1370 1370 Pholumque
1386 1329 1498 1359 Parrh.
1545 1330 1583 1358 H
1575 1329 1711 1370 ylocumq.

405 1387 534 1428 Polumq.
569 1384 670 1416 Goth.
695 1384 755 1415 sec.
799 1384 919 1413 Itheum
951 1381 1078 1412 Marius
1108 1379 1299 1411 emendabat
1324 1390 1492 1421 perperam
1519 1390 1568 1420 ap.
1600 1378 1721 1411 Heius..

409 1439 517 1475 Cresbia
532 1435 672 1467 Dorvill.
718 1441 802 1465 metas
827 1433 928 1465 Goth.
942 1433 1164 1472 sec.—--295.
1192 1432 1360 1472 Nemeasub
1377 1437 1444 1472 rupe
1467 1432 1566 1461 Rom.
1586 1437 1616 1461 et
1640 1431 1716 1460 Me-

408 1491 472 1522 dic.
492 1489 593 1526 Gud.,
614 1488 731 1529 aliique
754 1485 890 1522 doffius,
913 1495 950 1514 ex
972 1484 1069 1523 Νέμεες

409 1541 528 1572 Nemea>
542 1540 594 1581 sizb
610 1546 686 1580 rupe,

1073 1505 1081 1518 ,
1105 1494 1202 1524 quum
1218 1482 1303 1524 quud
1319 1481 1417 1523 vulgo
1434 1482 1535 1512 adhuc
1552 1481 1717 1523 legebatur

779 1535 853 1577 296.
867 1536 899 1577 fl
897 1548 961 1564 eeeee
962 1548 975 1565 e
988 1534 1121 1564 Oudart.
1167 1534 1280 1563 timuere
1295 1532 1358 1563 duo
1374 1532 1428 1562 alii
1441 1533 1715 1572 Burm.——-297..

399 1592 521 1636 fimensa
538 1592 631 1620 Rom.
660 1588 700 1619 cf.
717 1589 805 1618 Serv.
854 1588 971 1617 Seneca
987 1596 1035 1626 ep.
1067 1584 1108 1615 82
1132 1584 1257 1626 subjicit
1270 1583 1395 1614 versum
1407 1594 1444 1614 ex
1460 1585 1537 1615 AEn.
1558 1584 1621 1620 VI,
1639 1592 1716 1620 401.

411 1749 523 1779 Burm.
616 1753 689 1785 301.
711 1744 772 1773 deus
787 1743 875 1772 addite
896 1739 1041 1773 Parrhas-

412 1843 512 1887 fatis,
531 1855 609 1893 quae
626 1839 778 1890 Junonis
795 1838 920 1876 odium
934 1838 1030 1875 fece-

414 1906 484 1934 rat.
542 1894 601 1931 Sic
636 1891 706 1936 IX,
749 1904 817 1941 135
860 1892 923 1927 Sat
941 1894 1035 1940 fatis

419 1949 599 1994 Venerique
615 1946 743 1981 datum.
798 1943 892 1979 Bene
916 1952 1034 1978 autern

417 1997 571 2050 Junonis
582 1995 666 2032 odia
678 1995 715 2031 in
731 1995 926 2032 Herculem
938 2006 1037 2029 com-

419 2058 662 2088 memorantur
692 2059 814 2084 coram
840 2046 919 2082 viro
949 2043 1039 2093 ejus-

417 2101 501 2138 dem
529 2100 603 2135 deae
620 2097 714 2135 odiis
730 2096 876 2148 agitati,
905 2097 1038 2134 AEneae.

418 2153 463 2190 In
498 2150 624 2188 ceteris
658 2148 927 2187 fimilitudinem
954 2147 1040 2196 Jovi

422 2217 506 2241 cum
526 2200 653 2251 Eurip.
688 2201 801 2238 Herc.
832 2199 906 2237 fur.
943 2199 1041 2238 1266

420 2256 474 2305 sq.
487 2253 649 2305 agnoscit
669 2252 828 2303 Bottger.
848 2251 950 2301 supra
968 2264 1042 2288 me-

422 2317 593 2344 moratus.
648 2303 770 2340 Suavis
799 2313 834 2340 et
862 2304 938 2352 jam
956 2302 1042 2339 Ma-

423 2357 554 2395 crobio
574 2355 646 2398 VI,
676 2358 698 2394 6
717 2356 811 2393 med.
855 2353 1042 2392 observata

424 2408 604 2447 conversio
629 2407 675 2444 ad
702 2405 890 2443 secundam
923 2405 1042 2456 perso-

427 2473 511 2497 nam
543 2460 594 2497 vs.
623 2471 710 2507 293.
739 2458 788 2494 cf.
820 2457 917 2494 adv.
953 2459 1042 2506 ²85·

427 2511 589 2548 Observa
603 2510 751 2547 fimilem
773 2509 879 2545 aliam
898 2509 935 2544 in
954 2508 1045 2545 Mil-

427 2575 514 2600 tono
544 2565 587 2600 P.
607 2563 649 2598 L.
668 2563 712 2598 B.
743 2562 810 2598 IV.
848 2573 944 2610 ¹7²0
967 2563 1044 2611 sqq.

427 2615 610 2666 nubigenas
650 2613 806 2662 ffllaeum
848 2612 1049 2662 Pholumque

429 2667 630 2704 Centauros
643 2664 720 2700 vid.
732 2662 873 2713 Georg.
890 2662 942 2707 Π,
961 2665 1048 2713 456.

430 2732 530 2769 4573
575 2716 620 2753 ad
657 2716 722 2752 hos
745 2725 783 2753 et
812 2716 858 2751 ad
885 2714 962 2764 sqq.
999 2714 1048 2751 cf.

431 2769 607 2818 Apollod.
627 2767 682 2811 II,
712 2780 749 2817 ς,
765 2781 790 2816 4
808 2766 887 2816 sqq.
934 2767 1052 2815 Crefia

427 2822 597 2870 prodzgia‚
631 2822 744 2868 τέξας,
782 2829 901 2854 taurus
934 2817 1049 2854 Cnos-

432 2871 497 2914 sius
512 2884 520 2910 :
547 2884 652 2923 quem
665 2870 790 2910 vivum
802 2870 847 2909 ad
861 2868 1049 2921 Eurysthe-

500 1641 574 1683 298.
602 1642 670 1671 N'on
684 1648 709 1670 te
732 1637 879 1668 Parthas.
929 1637 971 1666 ‘Te
986 1637 1071 1666 nullae
1101 1635 1200 1665 Goth.
1219 1641 1291 1665 tert.
1337 1647 1381 1664 nec
1396 1637 1496 1675 terruit
1518 1634 1581 1664 dno
1603 1636 1717 1666 Burm.

412 1704 488 1725 eum
500 1692 599 1724 Goth.
617 1692 844 1730 sec.--299.
869 1695 950 1718 necte
965 1687 1052 1717 idem
1063 1696 1138 1716 cum
1149 1686 1228 1719 aliis.

1321 1695 1394 1725 300.
1417 1687 1584 1729 circumstitit
1598 1686 1721 1728 aliquot

1100 1848 1162 1872 um
1194 1834 1375 1872 adduxisse
1390 1844 1564 1872 narratur.
1619 1835 1720 1886 Ergo

1100 1894 1226 1925 mestas
1257 1886 1362 1923 solito
1389 1900 1487 1923 more
1506 1887 1556 1923 ita
1586 1888 1721 1936 posuit,

1102 1948 1141 1975 ut
1170 1938 1332 1988 pluribus
1361 1938 1527 1975 membris
1555 1939 1636 1975 efl‘et
1664 1953 1725 1976 ac-

1103 1990 1388 2034 commodatum,
1421 2000 1481 2026 aut
1496 1990 1601 2027 aliam
1619 1990 1723 2028 fabu-

1102 2042 1175 2078 lum
1210 2042 1374 2091 sequutus
1403 2042 1462 2078 est.
1509 2042 1596 2092 296.
1634 2055 1722 2094 ²97·

1104 2093 1273 2130 descensu
1305 2092 1474 2129 Herculis
1501 2094 1547 2130 ad
1582 2093 1722 2132 Orcum

1105 2144 1214 2189 facio,
1251 2153 1291 2181 ut
1310 2145 1507 2182 Cerberum
1533 2145 1726 2183 adduceret

1106 2195 1213 2235 Iliad.
1236 2196 1272 2239 St,
1295 2199 1381 2245 368.
1427 2195 1552 2245 Odyff.
1571 2207 1609 2242 λ,
1634 2198 1724 2236 622.

1109 2252 1199 2302 298.
1223 2255 1342 2298 facies,
1371 2247 1538 2293 monstra,
1573 2262 1653 2298 quae
1687 2248 1727 2287 in

1109 2302 1234 2340 inferis
1253 2299 1514 2338 occurrebant:
1544 2301 1631 2339 AEn.
1657 2300 1728 2345 VI,

1110 2357 1182 2405 285
1203 2353 1298 2403 seqq.
1352 2351 1480 2401 Hydra
1495 2351 1640 2389 Lernaea
1650 2355 1728 2402 jam

1109 2405 1162 2443 ibi
1181 2413 1459 2442 commemorata
1476 2417 1486 2440 z
1533 2417 1628 2440 nunc
1648 2405 1729 2452 Ty-

1108 2458 1247 2508 pho'eus
1266 2456 1427 2499 additur,
1456 2468 1561 2505 quem
1579 2455 1617 2491 in
1636 2456 1730 2492 Tar-

1108 2519 1226 2546 tarum
1257 2507 1410 2544 fulmine
1435 2506 1616 2543 detrusum
1651 2506 1730 2543 edi..

1109 2561 1209 2597 derat
1221 2571 1362 2609 quoque
1373 2558 1520 2596 Hefiod.
1541 2566 1640 2605 Owy.
1656 2561 1675 2596 8
1681 2572 1700 2609 ς
1707 2571 1732 2605 3

1113 2612 1189 2662 sqq.
1220 2614 1305 2661 867.
1359 2609 1534 2646 Orionem
1551 2610 1588 2646 in
1606 2609 1732 2646 inferis

1113 2662 1317 2700 collocabat
1338 2662 1520 2698 Homerus
1539 2660 1666 2710 Odyff.
1692 2671 1732 2705 λ,

1116 2729 1183 2766 57¹
1204 2714 1280 2764 sqq.
1334 2713 1396 2750 Ad
1416 2719 1651 2750 'communem
1670 2725 1735 2749 au-

1115 2775 1187 2803 tern
1221 2765 1454 2815 interpretum
1485 2776 1620 2801 morem
1651 2764 1735 2812 jun-

1116 2817 1237 2867 gimus
1254 2817 1316 2853 vff.
1339 2820 1542 2866 298—300
1569 2828 1654 2852 cum
1672 2828 1736 2851 an-

1117 2868 1376 2908 tecedentibus‘.
1429 2866 1601 2919 Alioqui,
1617 2866 1642 2902 sl
1659 2865 1737 2923 senn-

1613 2926 1739 2957 tenuas
