1847 3313
337 279 748 337 AENEIDOS,
797 277 951 327 LIB.
1000 276 1141 326 VIII.
1298 292 1389 343 235

80 420 222 477 Nate,
254 427 372 470 tuo;
403 430 557 478 neque
582 414 817 462 finitimus
842 411 1112 459 Mezentius
1140 409 1358 474 usquam,

83 511 215 560 Huic
242 505 391 570 capiti
417 505 657 562 insultans»,
685 515 755 551 tot
775 503 899 550 ferro
922 502 1045 549 saeva
1068 500 1264 550 dediffet
1300 516 1393 564 570

82 599 278 657 Funera,
314 610 412 645 tam
435 594 600 643 multis
623 591 850 640 viduasset
871 592 1055 640 civibus
1076 593 1263 641 urbem.

32 709 34 712 v
82 687 151 734 At
175 702 270 743 VOS,
292 702 322 733 o
345 684 516 748 superi,
540 695 587 731 et
605 683 771 730 divom
796 695 848 730 tu
872 684 1082 730 maxime
1106 685 1260 733 rector

83 776 322 840 Juppiter,
355 775 568 832 Arcadii,
596 773 773 837 quaeso,
797 773 1082 822 miserescite
1102 776 1244 838 regis,

84 868 150 917 Et
172 868 345 932 patrias
367 868 526 915 audite
545 883 706 931 preces
726 886 737 914 :
774 867 822 913 Si
846 866 1044 912 numina
1066 864 1215 910 vestra

85 959 383 1007 Incolumem
408 958 618 1005 Pallanta
642 957 780 1014 mihi,
794 956 827 1002 fi
853 956 947 1002 fata
970 955 1225 1011 reservant,
1306 967 1364 1018 57
1371 968 1396 1018 5

82 1046 138 1093 Si
161 1044 339 1092 visurus
362 1059 470 1090 eum
496 1043 623 1099 vivo,
647 1053 693 1087 et
718 1053 943 1088 venturus
967 1041 1016 1087 in
1040 1057 1220 1089 unum:

87 1133 251 1182 Vitam
271 1148 354 1180 oro
371 1156 384 1187 3
417 1131 572 1194 patiar
592 1130 813 1193 quemvis
829 1131 995 1177 durare
1020 1132 1246 1180 laborem.

89 1223 172 1271 Sin
196 1223 405 1286 aliquem
423 1221 671 1268 infandum
694 1220 870 1277 casum,
896 1221 1117 1278 Fortuna,
1140 1223 1334 1271 minaris
1354 1249 1368 1281 ;

89 1311 249 1369 Nunc,
270 1328 300 1358 o
322 1328 448 1358 nunc
471 1312 610 1358 liceat
635 1309 876 1357 crudelem
900 1310 1183 1372 abrumpere
1208 1312 1375 1371 vitam,

91 1404 227 1452 Dum
244 1418 371 1450 curae
389 1401 650 1464 ambiguae,
669 1401 786 1447 dum
805 1400 907 1462 spes
926 1401 1104 1448 incerta
1124 1402 1286 1459 futuri,
1314 1406 1408 1465 580

135 1534 213 1576 569.
235 1532 334 1564 Abest
358 1531 467 1564 versus
490 1530 592 1563 Goth.
620 1537 697 1563 tert.
719 1530 842 1573 finitimo
868 1541 885 1562 e
912 1531 1003 1562 codd.
1036 1531 1098 1563 suis
1123 1539 1156 1564 et
1181 1534 1263 1564 Pier.
1297 1534 1408 1565 Heius.

94 1585 300 1623 emendavit;
322 1585 362 1617 sc.
388 1586 453 1616 huic
469 1585 580 1626 capiti:
609 1583 696 1625 quod
719 1583 771 1614 vix
794 1582 917 1624 placet3
941 1584 1120 1619 Burmann.
1145 1595 1217 1615 cum
1233 1595 1261 1615 al
1292 1587 1410 1627 finitimo

85 1638 172 1680 ferro
184 1635 305 1677 jungit.
354 1634 473 1665 Saltem
491 1633 647 1665 dixerim:
663 1634 786 1676 finitimo
801 1632 942 1665 absolute
959 1644 1018 1676 pro
1039 1637 1067 1665 in
1081 1635 1116 1678 f.
1163 1635 1271 1677 Vulgo
1288 1637 1410 1668 ieemm

85 1689 228 1732 finitimus
244 1686 317 1716 inde
335 1684 374 1717 ab
391 1685 466 1716 Ald.
495 1693 579 1723 1514
603 1684 743 1725 adeoque
759 1695 776 1714 a
795 1684 971 1727 Naugerio.
1015 1685 1143 1716 Servius
1158 1686 1286 1717 videtur
1301 1686 1412 1728 leg-nse.

87 1737 238 1783 finitimos,
263 1735 364 1777 ficque
388 1734 528 1766 Dorvill.
555 1746 573 1765 a
603 1746 648 1767 m.
679 1734 737 1765 sec.
766 1742 798 1765 et
823 1735 874 1767 ed.
899 1736 989 1778 Junt.
1078 1745 1156 1775 520.
1181 1739 1296 1780 usquam
1322 1739 1411 1771 idrm

98 1788 210 1820 Heius.
230 1786 390 1818 restituit:
415 1786 513 1827 vulgo
529 1798 676 1829 unquam;
698 1792 730 1816 at
748 1786 874 1819 Moret.
901 1787 958 1818 sec.
976 1794 1007 1818 et
1026 1788 1108 1819 Gud.
1137 1799 1154 1818 a
1181 1799 1225 1820 m.
1255 1789 1313 1820 sec.
1340 1791 1412 1821 Me.

98 1841 211 1871 zentius
227 1838 306 1880 hostis
321 1848 331 1871 ι
355 1847 426 1879 quae
442 1844 496 1868 aut
513 1847 588 1868 vera
604 1837 700 1868 leffio
717 1836 760 1868 est
777 1844 831 1867 aut
857 1847 916 1879 pro
939 1838 1064 1869 veriore
1092 1839 1248 1877 habenda,
1274 1840 1306 1871 in
1325 1842 1413 1882 cujus

97 1889 204 1922 locum
219 1887 356 1920 succeffit
372 1887 499 1931 usquam,
525 1888 611 1929 quod
637 1899 675 1919 ex
706 1887 867 1929 superiore
895 1889 986 1920 versu
1010 1899 1068 1931 per
1093 1900 1235 1921 errorem
1260 1890 1414 1924 iteratum

97 1941 248 1982 suspicor.
295 1940 457 1970 Revocavi
474 1946 581 1970 autem
588 1939 732 1981 finitimus
749 1947 915 1980 tamquam
942 1940 1035 1971 unice
1063 1951 1176 1971 verum
1192 1951 1200 1971 z
1227 1952 1299 1972 cum
1315 1942 1413 1984 scrip-

99 1999 172 2025 tum
197 1991 271 2023 effet
287 1992 434 2034 finitimos,
449 1990 631 2022 aberratum
658 1991 702 2022 est
728 1991 761 2022 in
778 1992 909 2034 finitimo.
997 2000 1071 2031 571.
1095 1993 1208 2036 vidfft
1233 1993 1321 2024 Goth
1339 2001 1414 2028 tert.

186 2052 227 2083 57
234 2052 263 2082 3.
289 2043 455 2087 reminiscere
470 2045 555 2084 regis,
569 2043 744 2085 Exaudique
751 2051 847 2086 preces
858 2045 974 2087 patrias
989 2043 1087 2074 codex
1099 2044 1183 2085 apud
1202 2045 1297 2081 Pier„
1314 2045 1414 2076 inter-

100 2095 218 2138 polate.
305 2103 382 2135 575.
408 2095 549 2139 reservent
573 2095 636 2125 duo
654 2096 765 2126 Burm.
789 2103 821 2126 et
848 2096 948 2127 Goth.
975 2104 1049 2128 tert.
1139 2097 1215 2135 576.
1237 2110 1298 2129 eum
1313 2101 1416 2131 vivom

104 2149 202 2181 Rom.
229 2152 261 2176 et
278 2144 399 2186 aliquot
426 2145 511 2178 Pier.
601 2154 677 2185 577.
699 2149 796 2190 patior
811 2149 921 2186 Rom.,
944 2154 975 2178 et
998 2158 1090 2189 paene
1114 2158 1224 2179 omnes
1240 2149 1325 2182 Pier.
1344 2158 1416 2183 tum

104 2197 224 2230 Medic.
240 2203 271 2227 et
294 2206 366 2238 pars
381 2196 490 2228 Heius.
510 2197 636 2239 duoque
654 2199 765 2228 Burm.
808 2211 852 2230 oro
868 2208 894 2230 et
911 2201 1009 2242 patior
1023 2199 1082 2229 Ed.
1101 2200 1184 2229 Ven.
1231 2201 1301 2233 Vtta
1317 2212 1416 2235 mora.⁹

100 2251 198 2292 patior
214 2247 318 2279 Goth.
335 2247 394 2278 sec.
440 2250 574 2290 quamvis
597 2248 687 2280 Leid.
776 2258 851 2291 579.
876 2252 977 2288 Nunc,
1003 2262 1087 2288 nunc,
1111 2262 1125 2280 o
1141 2250 1223 2282 liceat
1240 2254 1356 2284 Medic.
1383 2261 1418 2288 et

105 2300 214 2332 caeteri
241 2298 348 2330 Heius.
380 2297 524 2341 (excepto
538 2299 677 2331 Mentel.
694 2301 778 2341 pr.),
802 2300 881 2332 item
900 2300 1039 2332 Dorvill.
1065 2308 1095 2331 et
1113 2300 1314 2346 bini-Goth„
1335 2315 1417 2346 prae.

107 2351 183 2386 tulit
199 2359 325 2391 quoque
344 2349 563 2391 Cuningham.
607 2351 701 2387 Tunc,
719 2359 796 2387 tunc,
813 2362 827 2381 o
842 2352 924 2382 liceat
941 2350 1045 2382 Schol.
1064 2350 1161 2382 Persii
1177 2352 1216 2383 ad
1233 2354 1295 2385 Sat.
1316 2355 1339 2393 1,
1363 2365 1417 2396 25.

107 2403 170 2435 Sed
185 2401 225 2433 cf.
247 2400 302 2431 lib.
326 2401 366 2437 II,
388 2399 461 2438 644.
506 2409 634 2446 rumpere
663 2400 953 2443 Zulich.—--580.
977 2403 1058 2435 Dum
1070 2401 1136 2449 spes
1161 2404 1304 2447 ambigua:
1326 2419 1421 2448 curae,

107 2456 175 2489 dum
190 2456 210 2486 i.
225 2453 260 2497 f.
283 2450 428 2484 Parthas.

111 2547 303 2592 movenda,
330 2557 384 2585 ter
418 2556 493 2585 erat
518 2547 730 2587 vincendus.
795 2562 866 2598 qua
884 2549 994 2587 tacita
1015 2549 1238 2588 imminentis
1255 2551 1332 2590 filio
1350 2553 1420 2594 fati

112 2599 240 2649 Itaque
273 2599 437 2637 Evander
462 2613 543 2637 eum
575 2610 628 2638 ter
657 2600 733 2638 vita
795 2601 897 2639 faetae
925 2601 1106 2639 videntur.
1160 2603 1258 2640 Nam
1293 2603 1420 2642 interi-

111 2659 149 2689 et
180 2650 286 2687 armis
318 2661 478 2690 exuerat.
532 2655 619 2704 569.
645 2654 735 2704 fini·
797 2652 911 2691 mitur
955 2653 1070 2690 Pallas
1101 2652 1167 2692 lib.
1204 2654 1257 2691 X.
1329 2661 1419 2707 576,

112 2709 203 2746 iimo,
221 2701 259 2738 in
277 2701 447 2748 finitimo,
460 2702 522 2754 qui
541 2704 587 2740 est
605 2703 643 2741 in
654 2704 733 2742 fini·
799 2716 961 2742 venturus
988 2711 1024 2741 in
1039 2720 1154 2748 unum,
1189 2705 1318 2744 iterum
1336 2721 1421 2747 eum

117 2753 208 2791 tima
234 2753 333 2791 urbe.
390 2767 476 2806 572·
505 2753 654 2792 Habent
680 2756 738 2794 hae
801 2756 1024 2793 revisuruset
1038 2767 1289 2796 conventurus,
1329 2763 1422 2811 578.

114 2816 234 2858 preces
275 2813 375 2842 tanto
417 2805 496 2856 plus
539 2806 737 2850 suavitatis,
799 2807 883 2853 Sin;
913 2817 998 2844 nota
1015 2810 1170 2855 εὐφημία.
1226 2813 1314 2859 580.
1335 2823 1422 2849 acu..

116 2856 216 2913 quod
230 2865 411 2908 tamquam
429 2856 655 2912 praesenfione
670 2859 737 2899 ali·
798 2857 873 2899 tius
900 2858 1111 2900 sententiam
1139 2861 1269 2901 extulit
1297 2861 1427 2962 ignei

1350 2940 1364 2957 .
