1847 3313
352 268 446 332 726
707 261 1216 311 EXCURSUS
1272 257 1318 308 v

350 410 468 449 purat,
500 400 595 451 quod
616 407 716 437 extra
742 410 816 435 rem
843 394 1048 446 praesentem
1066 394 1217 444 pofitum
1234 395 1295 433 est.
1351 393 1471 433 Facile
1494 393 1532 432 id
1548 396 1658 444 poeta

349 460 588 509 consequetur
606 459 649 495 ab
666 472 725 502 co,
757 456 819 507 qui
837 455 993 506 ipsarum
1010 467 1126 492 rerum
1144 454 1447 505 phantafinatibus
1461 454 1658 505 percussum

350 518 509 555 animum
529 518 658 562 luben
688 515 873 554 difficilius
902 513 947 550 ab
970 513 1050 556 illo,
1082 512 1145 562 qui
1172 522 1233 549 aut
1252 523 1376 550 natura
1393 514 1508 550 minus
1539 524 1659 549 acrem

350 589 468 614 reruni
485 577 639 622 sensum,
672 586 732 614 aut
765 583 883 618 aetate,
913 571 1024 617 curis,
1056 584 1171 609 rerum
1191 571 1253 609 usu
1270 571 1467 610 exercitum
1497 572 1659 609 animum

350 637 394 674 ad
418 642 561 687 poetam
589 636 782 688 legendum
801 634 918 677 affert,
945 632 1119 682 adeoque,
1137 632 1224 669 dum
1244 631 1431 669 remiffiore
1446 632 1494 669 est
1521 631 1661 675 animm

350 696 396 733 ad
415 696 730 734 animadvertenda
759 707 815 739 ea,
843 705 921 743 quse
950 690 1104 728 sedatius
1126 690 1309 740 judicium
1330 690 1518 742 suggerere
1534 689 1662 742 potest,

350 754 466 804 magis
484 756 529 792 cst
547 753 779 805 compositus.

406 813 462 851 Ex
500 814 554 850 his
589 813 707 850 adhic
744 807 850 848 dinis
887 807 1043 860 intelligi
1084 809 1254 853 arbitror,
1290 807 1344 846 uti
1379 807 1494 845 sensus
1529 805 1663 856 cuique

352 873 434 910 suus
466 874 504 910 in
523 873 579 911 his
609 870 860 922 relinquendus
878 870 940 913 est,
967 868 1018 906 ita
1045 867 1083 905 in
1104 869 1402 919 reprehensionem
1422 868 1563 918 poe'tam
1582 879 1664 904 vere

353 932 393 969 in
425 933 478 970 his
514 942 654 970 tantum
691 931 884 973 incurrere,
917 942 996 979 quae
1029 939 1156 978 parum
1182 921 1306 965 sedulo
1341 927 1439 965 cavit
1469 939 1514 964 ne
1544 926 1663 976 primo

352 990 505 1042 legentis
522 989 666 1028 obtutui
694 988 811 1026 statim
832 995 1072 1026 occurrerent.
1127 985 1268 1023 Contra
1285 999 1343 1028 ea,
1377 999 1457 1035 quae
1474 983 1664 1022 subtiliore

353 1049 498 1101 judicio
529 1059 564 1087 et
600 1047 824 1099 cogitatione
858 1046 1051 1085 intentiore
1080 1045 1218 1089 elicias,
1253 1045 1290 1082 in
1326 1043 1510 1082 censuram
1541 1043 1664 1082 venire

354 1124 429 1147 non
446 1109 603 1161 possunt,
622 1108 687 1145 nisi
706 1117 822 1144 totum
840 1106 909 1144 hoc
925 1118 1036 1157 genus
1050 1104 1232 1155 ipsamque
1249 1103 1399 1140 Iliadem
1416 1112 1452 1140 et
1470 1102 1666 1152 Odyss'eam

355 1183 439 1206 cum
457 1168 610 1205 AEneide
627 1166 800 1203 sublatam
820 1165 883 1202 effe
901 1165 1002 1202 velis.
1055 1151 1268 1200 Videndum
1287 1163 1335 1200 est
1360 1160 1494 1212 poetae‚
1512 1174 1556 1199 ne
1574 1161 1666 1212 quid

356 1226 396 1266 in
432 1226 507 1278 ipsa
534 1225 655 1263 fabula
690 1224 771 1262 infit
795 1223 893 1274 quod
924 1232 1097 1273 repugnet
1124 1231 1186 1259 aut
1214 1221 1307 1258 male
1335 1220 1533 1266 cohaereat3
1561 1230 1666 1258 extra

354 1286 517 1325 fabulam
549 1296 584 1322 et
615 1292 867 1334 argumentum
898 1281 951 1319 nil
983 1281 1090 1319 refert
1117 1279 1143 1317 fi
1172 1292 1243 1330 qua
1273 1278 1340 1316 fint
1374 1292 1454 1329 quae
1488 1289 1666 1330 premant,

358 1347 452 1383 male
484 1342 718 1395 respondeant
753 1341 879 1379 celeris
908 1349 968 1378 aut
1004 1349 1216 1390 repugnent.
1269 1337 1391 1383 Quam
1423 1338 1536 1375 multa
1568 1339 1667 1377 enim

356 1406 453 1447 sunt,
481 1417 560 1454 qua:
579 1401 783 1453 scrupulum
803 1399 952 1444 faciant,
982 1399 1006 1436 fi
1031 1399 1076 1436 de
1094 1398 1286 1447 Penelopes
1315 1406 1416 1433 aetate
1443 1395 1508 1434 sub
1536 1397 1669 1448 Ulyffis

356 1464 516 1502 reditum
550 1470 612 1499 aut
645 1461 692 1498 de
724 1457 945 1497 Telemacho
981 1455 1153 1495 curiofius
1188 1468 1337 1507 quaeras,
1391 1455 1516 1493 Multo
1547 1458 1668 1496 minus

357 1522 498 1561 ferendi
535 1522 631 1565 sunt,
664 1518 727 1570 qui
763 1516 862 1556 nusso
891 1515 1053 1569 poetices
1082 1512 1182 1554 sensu
1216 1514 1348 1553 imbuti
1379 1514 1424 1551 ad
1464 1515 1669 1556 dialecticas

358 1583 517 1620 rationes
533 1591 594 1619 aut
613 1580 657 1617 ad
676 1576 854 1617 historicae
871 1577 1013 1615 critices
1031 1588 1184 1612 canones
1200 1574 1340 1625 epicam
1359 1573 1483 1624 poefin
1499 1577 1668 1628 exigunt,

356 1654 419 1681 aut
454 1638 706 1693 grammaticis
736 1636 903 1675 minutiis
928 1633 1095 1686 impediti
1125 1632 1392 1671 calumniantur
1423 1638 1564 1689 poetas,
1602 1638 1667 1687 qui

357 1712 478 1740 tamen
510 1714 583 1738 non
619 1698 681 1736 nifi
714 1710 758 1735 eo
799 1695 939 1746 ingenii
975 1695 1158 1737 comana,
1192 1706 1308 1743 eoque
1344 1692 1460 1737 sensu,
1495 1709 1568 1746 quo
1603 1695 1668 1746 ipfi

356 1761 541 1812 scripsere,
571 1756 715 1809 legendi
747 1755 838 1793 sunt.
893 1754 949 1792 Ex
966 1767 1010 1790 eo
1032 1765 1161 1803 genere
1188 1751 1284 1789 fuere
1312 1747 1416 1789 Zoili
1443 1761 1568 1804 totque
1585 1754 1670 1792 Ho-

357 1818 624 1869 meromastiges
657 1825 692 1854 et
723 1812 1075 1864 Virgiliomastiges3
1111 1811 1150 1849 in
1179 1810 1250 1848 hoc
1276 1823 1426 1848 numero
1453 1826 1565 1864 nuper
1592 1814 1670 1853 Bri-

357 1889 487 1918 tannus
504 1876 648 1928 aliquis,
665 1874 728 1926 qui
747 1873 811 1910 {ibi
838 1873 941 1910 valde
962 1871 1088 1909 doetus
1115 1869 1306 1908 videbatur
1329 1871 1492 1919 (Heron's
1510 1873 1618 1912 letters
1636 1882 1681 1926 of

356 1939 541 1978 Iitcrature.
572 1936 661 1973 Litt.
683 1936 763 1983 23).
819 1931 862 1969 In
881 1925 1104 1969 dramatibus
1119 1932 1193 1980 jam
1211 1928 1306 1967 inter
1324 1933 1469 1980 poetam
1486 1942 1521 1968 et
1538 1932 1672 1984 spefta-

360 2007 475 2036 torem
509 1996 616 2034 facile
647 1994 685 2031 in
714 1994 754 2029 id
781 1999 1000 2030 conventum
1028 1990 1090 2034 est,
1125 1990 1191 2026 effe
1222 1988 1408 2034 nonnulla,
1437 2003 1530 2040 quae,
1557 1993 1619 2030 etsi
1649 2008 1671 2032 a

360 2068 487 2095 natura
505 2068 621 2094 rerum
646 2053 777 2096 alkna,
795 2049 835 2089 in
853 2051 956 2089 scena
973 2049 1078 2087 aliter
1095 2049 1161 2087 effe
1179 2057 1372 2099 nequeant,
1395 2049 1440 2086 iis
1463 2049 1577 2101 igitur
1603 2067 1671 2105 pro

359 2117 527 2155 conceffis
546 2114 598 2153 uti
616 2119 775 2165 poetam.

413 2177 541 2227 Itaque
566 2188 623 2218 ea,
651 2186 729 2223 quae
755 2172 917 2221 adversus
947 2180 1122 2221 tempomm
1152 2175 1308 2208 rationem
1339 2163 1376 2205 in
1407 2167 1562 2207 AEneide
1593 2185 1672 2211 moa

361 2237 439 2276 neri
475 2235 628 2286 possunt,
661 2231 722 2268 etsi
759 2244 802 2268 ne
836 2229 1075 2268 defensionem
1111 2228 1257 2279 quidem
1294 2225 1393 2265 illam
1427 2229 1674 2276 admitterent,

362 2309 472 2347 quam
498 2295 591 2332 Fxc.
619 2291 656 2329 Π
683 2291 728 2328 ad
756 2291 821 2329 lib.
855 2290 932 2332 HI,
961 2300 996 2326 et
1016 2288 1108 2326 Exc.
1137 2288 1195 2325 III
1223 2288 1269 2324 ad
1286 2287 1354 2326 lib.
1383 2287 1460 2324 XII
1491 2290 1673 2339 dedimus,

364 2370 436 2393 non
473 2363 592 2392 tamen
622 2352 667 2390 ad
698 2352 817 2402 poe'tae
855 2346 1000 2388 laudem
1035 2348 1264 2387 evertendam
1298 2347 1371 2384 vim
1408 2348 1538 2388 habere
1570 2363 1672 2401 puta..

362 2414 495 2451 bintus.

418 2472 531 2510 Aliud
561 2472 624 2516 est,
659 2471 696 2507 in
726 2481 799 2519 quo
833 2473 944 2521 poeta
984 2467 1037 2506 sui
1076 2467 1210 2505 oblitus
1242 2462 1357 2504 videri
1386 2477 1539 2517 poterat,
1573 2473 1672 2520 quod

363 2532 515 2569 deorum
549 2529 683 2568 monita
720 2528 765 2564 de
797 2527 962 2565 adeunda
997 2539 1018 2563 a
1046 2524 1214 2575 Trojanis
1245 2526 1348 2563 Italia
1381 2527 1491 2563 modo
1526 2528 1671 2576 clarius,

363 2591 476 2630 medo
504 2588 703 2633 obscur-ius,
735 2601 841 2637 quam
870 2600 934 2637 par
965 2595 1055 2630 erat,
1080 2585 1258 2637 apposuit.
1315 2581 1376 2622 Ab
1406 2585 1673 2627 obscurioribus

365 2650 514 2690 monitis
542 2647 687 2685 exorsus
714 2657 813 2692 erat;
841 2647 949 2695 idque
969 2646 1082 2689 reste3
1111 2658 1176 2683 nec
1195 2644 1257 2682 nisi
1277 2645 1314 2681 iu
1335 2644 1409 2695 ipso
1429 2644 1541 2682 Italiae
1568 2648 1672 2685 aditu

363 2719 401 2750 et
429 2708 509 2748 sede
526 2716 702 2758 occupata
726 2705 984 2745 vaticiniorum
1015 2715 1162 2744 eventus
1190 2704 1294 2756 plene
1314 2705 1508 2756 explicitus
1524 2706 1588 2743 ess'e
1621 2706 1675 2743 vi-

1594 2759 1675 2804 deri
