1847 3313
450 219 562 268 AD
619 220 963 271 LIBRUM
1025 224 1092 273 X.
1329 244 1418 293 495

455 385 935 427 EXCURSUS
1011 390 1068 429 11.

524 491 598 537 De
630 492 815 554 sinordis
846 496 1006 540 tacitis.

166 591 250 630 Lib.
282 592 331 636 X,
365 593 440 645 564
466 598 583 631 tacitis
615 598 782 645 regna-vit
800 594 959 645 Amyclis.
1016 596 1093 634 Cur
1111 600 1239 634 tacitas
1258 596 1415 646 Amyclae

109 651 264 694 dixerit,
294 653 397 689 varia
416 663 626 690 commenta
657 654 763 690 affert
788 654 952 697 Servius,
986 655 1050 692 vix
1075 655 1190 707 digna
1209 670 1290 706 quae
1308 669 1413 707 repe-

111 721 246 749 tantur.
302 713 395 762 Qae
413 712 650 762 probabiliter
668 711 744 748 dici
757 713 901 761 poslint,
920 714 997 750 haec
1014 715 1081 751 esse
1098 715 1278 754 arbitror:
1309 717 1412 754 Loca

109 768 248 808 Lucilii
265 783 273 808 ε
301 772 399 808 Mihi
416 773 528 821 nec-esp?
542 775 600 821 est,
617 770 706 821 loqui
719 786 732 807 .·
758 786 836 808 nam
849 775 923 819 fiio
941 773 1098 824 Amyclas
1117 777 1253 812 tacendo
1262 779 1413 826 periff’,

109 830 190 867 Silii
211 831 327 873 VIII,
357 843 430 882 529
449 843 485 868 et
507 830 685 881 Pervigil.
706 830 802 868 Ven.
824 830 886 868 sub
905 832 932 868 f.
954 833 1038 870 satis
1064 833 1214 877 docent,
1243 835 1288 872 ad
1307 835 1411 874 illam.

106 890 356 928 narrationem
389 892 538 940 poetam
565 889 768 940 respexisse,
804 905 890 941 qua,
923 900 950 916 “
971 906 1054 929 cum
1080 893 1291 944 frequenter
1321 895 1410 933 falso

103 957 132 973 ‘¹
153 949 405 986 nuntiarentur
423 950 554 991 hostes,
583 959 618 985 et
638 948 735 985 inani
757 961 897 986 terrore
917 950 1048 988 civitas
1069 953 1307 1002 quassaretur,
1331 953 1408 992 lata

105 1016 134 1032 “
156 1010 239 1059 lege
258 1019 405 1045 cautum
423 1008 496 1045 est:
526 1021 570 1044 ne
587 1007 667 1057 quis
693 1021 853 1057 unquam
869 1009 975 1046 hostis
991 1011 1405 1051 nuntiaretadventum.

101 1076 132 1093 “
155 1070 280 1106 Postea
298 1081 382 1105 curn
403 1082 488 1106 vere
508 1068 616 1106 hostis
637 1069 796 1112 veniret,
813 1071 912 1107 nullo
928 1070 1131 1114 nuntiante,
1147 1085 1194 1109 ex
1207 1072 1406 1123 improviso

100 1135 130 1152 “
150 1128 280 1166 civitas
315 1139 424 1179 capta
459 1129 535 1165 est:
583 1129 679 1165 unde
707 1133 827 1166 tacitae
857 1130 1006 1178 Amyclae
1033 1131 1139 1169 dictae
1168 1132 1261 1176 sunt,
1303 1135 1402 1184 quod

100 1195 130 1211 “
150 1189 293 1238 periere
318 1188 508 1226 filentio.”
580 1190 694 1226 Recte
715 1190 790 1226 haec
822 1189 867 1227 ab
894 1191 1026 1240 Aspro,
1059 1205 1142 1229 nam
1170 1192 1200 1230 is
1230 1196 1356 1233 aanor
1380 1210 1403 1235 a

105 1249 205 1298 julio
225 1249 359 1286 Sabino
377 1248 559 1299 proditur,
580 1249 715 1286 tradita
735 1249 919 1293 videntur,
945 1251 1003 1288 sed
1024 1252 1111 1290 falso
1135 1253 1179 1290 ad
1201 1254 1265 1292 has
1285 1257 1405 1295 Auso-

101 1322 189 1346 num
215 1310 394 1359 Amyclas
423 1320 610 1351 revocata,
640 1322 720 1359 quae
752 1322 772 1346 a
796 1310 1022 1360 serpentibus
1047 1311 1176 1349 deletae
1198 1313 1328 1359 fuere;
1359 1329 1396 1355 v.

101 1369 243 1407 Notam
261 1384 269 1406 :
302 1382 387 1406 cum
408 1382 449 1405 ea
470 1369 515 1405 ad
537 1370 713 1418 Amyclas
736 1369 929 1407 Laconicae
943 1371 1158 1420 speetarent,
1174 1386 1263 1422 quas
1279 1387 1301 1412 a
1317 1375 1401 1413 Do-

98 1429 272 1466 rienfibus
287 1429 425 1465 deletas
445 1429 527 1471 effe,
549 1429 736 1477 proditum
752 1431 966 1478 reperimus.
1014 1431 1133 1475 Narn,
1152 1433 1401 1484 Peloponneso

97 1502 117 1526 a
134 1489 371 1527 Doriem'ibus
391 1499 426 1525 et
445 1487 653 1526 Heraclidis
670 1500 866 1538 occupata,
886 1489 1025 1540 oppida
1040 1490 1181 1540 aliquot
1201 1493 1399 1534 Laconicae

96 1564 162 1601 per
175 1550 353 1586 ducentos
367 1548 483 1585 adhuc
504 1561 617 1584 annos
638 1559 830 1585 tenuerant
850 1548 994 1591 Aehaei‚
1013 1549 1144 1595 donec,
1164 1554 1287 1600 paullo
1312 1566 1399 1593 ante

95 1610 232 1646 bellurn
252 1608 467 1645 Messenium
494 1607 669 1657 primum,
689 1609 786 1659 regis
807 1609 951 1646 Telecli
973 1610 1098 1654 dueta,
1120 1611 1318 1651 Dorienses
1336 1615 1398 1655 seu

95 1669 367 1708 Lacedaemonii
395 1682 439 1705 ea
466 1668 549 1706 loca
580 1681 795 1719 expugnata
825 1669 900 1707 solo
931 1681 1132 1719 aequarunt.
1188 1672 1290 1712 Inter
1315 1690 1396 1727 quae

93 1731 195 1769 fuere
217 1730 397 1779 Amyclae,
434 1743 512 1779 quae
530 1729 666 1766 acriter
682 1729 904 1772 restiterunt,
933 1744 999 1769 nec
1020 1731 1082 1768 nifi
1108 1732 1195 1771 belli
1214 1734 1394 1775 diuturni-

91 1801 168 1829 tate
194 1790 327 1829 attritae
358 1789 395 1826 in
421 1789 598 1827 ditionem
628 1791 816 1827 cesserunt.
873 1792 1076 1841 Tropaeum
1095 1792 1142 1831 de
1169 1793 1213 1831 iis
1234 1798 1395 1835 ereetum

90 1865 159 1901 pro
191 1860 412 1901 argumento
440 1850 585 1887 virtutis
614 1863 757 1894 eorum,
803 1851 864 1900 qui
894 1851 982 1889 visti
1013 1844 1130 1896 erant,
1166 1854 1392 1895 habebatur:

93 1913 244 1950 Pausan.
264 1910 337 1954 HI,
359 1924 396 1953 2,
416 1925 454 1961 p.
477 1914 549 1948 208
571 1921 607 1948 et
626 1924 658 1948 c.
685 1924 746 1954 12,
765 1925 802 1961 p.
833 1925 924 1962 237.
979 1914 1146 1963 Amyclae
1164 1916 1294 1953 eversae
1319 1918 1394 1955 vici

82 1973 247 2010 formam
285 1984 349 2021 per
381 1972 494 2008 multa
529 1980 698 2021 tempora
734 1971 956 2015 habuerunt,
995 1973 1102 2010 clarae
1131 1973 1300 2025 inprimis
1330 1976 1394 2015 dei

90 2030 274 2082 Amyclaei
292 2031 431 2080 templo
446 2041 481 2067 et
495 2030 640 2067 throno.
670 2044 707 2068 v.
735 2030 827 2068 ibid.
847 2031 920 2074 ΠΙ,
956 2045 999 2082 19
1019 2042 1057 2069 et
1077 2035 1138 2076 18,
1167 2035 1213 2071 de
1231 2050 1304 2087 quo
1318 2037 1392 2075 dis.

85 2102 253 2142 putatum
273 2091 320 2127 est
339 2102 359 2126 a
380 2089 481 2127 nobis
501 2089 538 2127 in
558 2091 744 2141 Antiquar.
762 2090 938 2129 Abhandl.
958 2092 983 2127 I
1000 2093 1115 2131 Stiick.
1169 2095 1230 2132 De
1243 2110 1390 2149 expug-

84 2151 232 2190 natione
258 2150 322 2187 illa
348 2151 589 2199 Amyclarum
618 2164 639 2187 a
658 2151 780 2200 priscis
801 2151 1033 2202 scriptoribus
1051 2154 1159 2204 plura
1184 2155 1285 2193 fuiffe
1303 2171 1388 2195 nar-

83 2222 178 2254 rata,
197 2221 273 2248 tum
293 2224 340 2248 ex
361 2210 552 2254 Pausania,
573 2221 650 2249 tum
670 2225 717 2249 ex
739 2211 889 2251 Pindari
907 2213 998 2251 locis
1024 2215 1150 2252 Isthm.
1170 2217 1265 2260 VII,
1289 2221 1388 2256 18——

83 2284 148 2310 22.
180 2271 290 2321 Pyth.
320 2271 354 2314 I,
391 2283 478 2321 124.
514 2283 599 2323 ¹25·
636 2272 706 2309 126
733 2282 861 2323 patet:
898 2273 992 2310 unde
1020 2273 1254 2326 intelligitur,
1285 2277 1388 2315 fuisse

81 2329 321 2382 AEgidarum,
340 2342 420 2380 quae
436 2331 575 2380 Spartae
591 2331 705 2369 tribus
734 2343 812 2369 erat
832 2332 975 2371 Thebis
994 2333 1163 2378 oriunda,
1182 2337 1385 2388 praecipuas

79 2390 119 2428 in
145 2403 189 2428 eo
207 2391 304 2428 bello
326 2402 446 2440 partes
473 2391 720 2443 Amyclasque
744 2392 814 2430 illis
838 2393 1057 2431 habitandas
1084 2395 1153 2431 effe
1176 2396 1385 2446 affignatas.

79 2449 122 2487 Si
145 2459 309 2487 veterem
334 2459 662 2488 commentatorem
687 2451 724 2488 in
750 2451 861 2502 Pyth.
887 2452 941 2495 V,
969 2452 1018 2502 96
1038 2463 1078 2490 et
1100 2465 1163 2491 101
1188 2463 1226 2490 et
1252 2455 1383 2494 isthm.

77 2510 174 2552 VII,
198 2512 241 2548 18
261 2508 502 2559 integriorem
523 2509 754 2553 haberemus,
781 2512 887 2562 plura
905 2524 952 2549 ex
971 2512 1123 2562 Ephoro
1135 2522 1172 2550 et
1190 2513 1383 2554 Aristotele

75 2568 214 2607 dehoc
232 2568 330 2607 bello
348 2577 567 2606 teneremus.
624 2571 660 2606 A
693 2571 872 2609 Strabone
899 2571 966 2609 lib.
999 2572 1115 2615 Vm,
1147 2586 1186 2623 p.
1225 2574 1300 2624 560
1332 2576 1380 2618 C,

76 2629 149 2681 561
174 2629 225 2666 D.
254 2642 300 2667 ex
320 2629 472 2679 Ephoro
504 2629 621 2680 (conf.
644 2629 783 2667 Meurs.
805 2630 916 2669 Misc.
937 2631 1029 2669 Lae.
1045 2630 1116 2674 IV,
1138 2635 1198 2682 3),
1213 2633 1381 2684 Amyclae

74 2689 124 2727 ab
152 2688 362 2727 Heraclidis
393 2688 626 2732 Philonomo,
654 2690 717 2740 qui
747 2690 1050 2729 Lacedaemonem
1080 2691 1122 2728 iis
1149 2691 1380 2742 prodiderat,

73 2748 247 2789 concetrae
262 2758 490 2794 narrantur3
519 2749 544 2787 fi
562 2762 650 2790 vera
667 2751 760 2795 sunt,
787 2765 869 2805 quae
896 2752 1028 2791 Conon
1047 2751 1200 2790 Narrat.
1236 2753 1284 2803 36
1311 2767 1380 2805 ap-

435 2820 458 2861 5
1243 2811 1382 2869 Posuit»
