1847 3313
375 284 469 366 6'74
554 302 608 350 P.
660 297 1040 353 V1RG1L11
1100 301 1504 356 MARoN1s

372 434 506 482 Hinc
530 448 680 484 totam
710 438 875 485 infelix
899 439 1118 502 volgatur
1142 440 1265 487 fama
1290 457 1374 504 per
1398 442 1585 490 urbem.-

371 525 648 576 Demittunt
673 531 843 576 mentis
864 555 874 585 ;
913 530 947 576 it
974 530 1103 577 sciffa
1128 533 1249 580 veste
1277 533 1491 591 LatinuS,

374 616 607 681 Conjugis
630 620 868 666 adtonitus
895 619 1017 676 fatis,
1049 621 1269 683 urbisque
1293 623 1444 680 ruina,
1592 622 1688 670 610

375 706 612 754 Canitiem
635 709 868 755 inmundo
889 708 1123 771 perfusam
1146 711 1341 773 pulvere
1365 724 1556 775 turpans
1577 730 1588 759 :

372 798 657 862 *Multaque
680 800 723 846 se
749 799 943 858 incusat,
966 800 1048 863 qui
1074 817 1167 847 non
1185 802 1427 865 adceperit
1450 805 1586 849 ante*

370 885 694 934 *Dardanium
709 888 902 945 AEnean,
914 905 1236 953 generumque
1252 890 1500 937 adsciverit
1517 891 1686 939 ultro*.

439 978 624 1025 Interea
647 992 858 1026 extremo
881 981 1079 1028 bellator
1104 982 1153 1028 in
1176 998 1366 1044 aequore
1390 982 1579 1029 Turnus

371 1058 577 1115 Palantis
597 1068 806 1131 sequitur
823 1086 1014 1131 paucos,
1032 1069 1136 1134 jam
1160 1070 1359 1134 segnior,
1383 1084 1526 1135 atque
1592 1073 1682 1138 615

373 1157 486 1218 Jam
512 1157 668 1203 minus
691 1169 833 1219 atque
857 1159 1011 1205 minus
1036 1157 1240 1204 succeffu
1266 1153 1401 1205 laetus
1418 1164 1421 1170 '
1437 1175 1685 1223 equorum.

376 1288 414 1319 P.
427 1288 596 1319 Danielem
608 1287 747 1330 aliosque
760 1286 799 1319 fic
811 1286 957 1319 edidisse:
980 1286 1043 1319 fine
1056 1288 1203 1319 codicum
1213 1287 1324 1330 utique
1336 1288 1539 1328 auetoritate,
1550 1297 1581 1321 et
1591 1289 1689 1321 verb..

375 1338 487 1370 saltem
504 1338 625 1370 Donati
642 1348 727 1370 nota:
753 1339 883 1380 praefixa
899 1340 1066 1380 sequutos:
1090 1340 1160 1371 Iatae
1176 1340 1341 1371 clamoribus
1356 1341 1430 1372 aedes
1443 1353 1454 1372 .-
1477 1351 1552 1371 nam
1569 1341 1689 1374 Medic.

375 1400 459 1421 unus
474 1390 633 1427 laudatur,
659 1390 685 1421 is
700 1401 775 1421 vero
794 1391 981 1422 emendatus
1003 1402 1021 1421 a
1036 1391 1095 1422 sec.
1122 1401 1167 1422 m.
1188 1392 1266 1428 late3
1290 1390 1412 1432 hocque
1439 1395 1547 1433 poetae
1571 1392 1644 1423 usus
1658 1399 1690 1424 et

376 1441 423 1472 rei
441 1449 553 1472 natura
577 1441 713 1483 postulat
729 1452 736 1472 :
762 1441 885 1485 resonant
900 1443 967 1474 late.
1014 1442 1103 1473 Tum
1120 1441 1295 1484 clangoribus
1313 1441 1468 1483 Oblong.,
1497 1441 1576 1473 item
1593 1444 1692 1474 Men-

374 1491 432 1522 tel.
453 1492 512 1523 sec.
535 1498 566 1522 et
594 1494 722 1534 Hugen.
753 1503 825 1523 cum
850 1492 949 1523 Goth.
965 1499 1040 1525 tert.
1088 1493 1254 1524 clamoribus
1270 1492 1388 1524 Medic.
1414 1493 1522 1525 Pierii.
1614 1494 1689 1527 612.
1711 1530 1715 1533 ,

376 1544 453 1584 613.
480 1545 524 1576 Hi
541 1545 604 1576 duo
621 1545 727 1576 versus
743 1545 960 1576 desiderantur
976 1546 1008 1576 in
1023 1547 1120 1576 Rom.
1150 1545 1274 1576 Medic.
1301 1552 1332 1576 et
1347 1545 1416 1576 aliis
1431 1545 1570 1583 vetustis,
1590 1548 1691 1579 trans-

374 1595 433 1627 lati
449 1596 510 1626 huc
526 1607 563 1627 ex
580 1595 632 1626 lib.
651 1597 712 1634 XI,
728 1605 802 1635 471.
823 1606 863 1634 47
871 1606 900 1634 2,
921 1596 1022 1626 omiffi
1039 1596 1136 1626 etiam
1153 1606 1171 1626 a
1187 1595 1414 1637 Cuninghamo
1433 1604 1464 1627 et
1480 1607 1498 1626 a
1515 1597 1689 1630 Brunckio.

375 1648 508 1680 Multum
521 1648 554 1689 ſse
583 1647 711 1678 Zulich.
768 1649 893 1691 incusans
917 1648 981 1678 duo
1011 1649 1122 1678 Burm-
1147 1655 1179 1678 et
1206 1647 1307 1680 Goth.
1340 1654 1412 1679 tert.
1458 1649 1534 1691 quod
1557 1649 1688 1682 Zulich.

377 1709 524 1742 acceperat
541 1698 620 1729 alter
637 1697 756 1730 Hamb.
802 1700 865 1730 ade.
884 1700 956 1729 ultro
978 1699 1115 1730 Oudart.
1134 1709 1192 1740 pro
1209 1709 1276 1731 var.
1294 1698 1530 1739 laste—613.
1551 1701 1693 1733 acciverit

377 1754 438 1785 Ed.
458 1756 540 1786 Ven.
557 1754 742 1790 Burmann„
757 1752 835 1784 item
849 1752 977 1784 Zulich.
991 1753 1123 1794 Hugen.
1142 1751 1236 1782 Leid.
1253 1753 1360 1794 Sprot.

1067 1831 1222 1869 eximie!
1278 1831 1367 1869 611.
1414 1829 1545 1869 Pathos
1582 1831 1690 1870 habet

1068 1884 1187 1921 versus
1213 1892 1249 1920 et
1279 1882 1542 1920 miserationem
1575 1883 1689 1929 facit3

1068 1938 1231 1972 immundo
1261 1935 1472 1983 simpliciter
1501 1945 1618 1978 ornat,
1651 1946 1698 1972 ut.

1070 1987 1130 2022 Ge
1148 1986 1181 2030 I,
1203 1989 1264 2024 SI.
1322 1985 1472 2023 Scilicet
1489 1989 1568 2024 κόνιν
1585 1985 1693 2024 αἴθοι-

1068 2040 1210 2076 λόεσσαν
1230 2038 1406 2082 reddidit,
1427 2052 1506 2088 quae
1522 2052 1593 2075 non
1611 2053 1689 2076 mo-

377 1841 507 1870 tatum.
561 1831 683 1868 Multa
710 1833 872 1883 exempla
891 1833 927 1870 in
958 1833 1001 1869 iis

375 1884 473 1926 sunt,
536 1897 616 1933 quae
654 1885 824 1933 congeflit
865 1885 999 1922 Cerda.

377 1935 518 1973 Nobile
536 1935 625 1972 adeo
645 1935 706 1972 leti
726 1949 837 1985 genus
863 1949 906 1972 ex
938 1950 1001 1972 an-

377 1988 482 2038 tiquo
503 2000 615 2029 more,
635 1986 800 2037 inprimis
830 1987 868 2023 in
896 1987 1002 2024 ferni-

376 2039 447 2077 nis.
501 2039 562 2075 Sic
592 2040 730 2086 jocasta
750 2039 877 2088 laqueo
895 2039 1001 2088 spiri-

376 2099 456 2127 tum
484 2090 695 2133 interclusit,
727 2090 887 2139 Epicalle
919 2090 1002 2127 Ho-

379 2155 481 2179 mero
507 2142 605 2178 dic'la
640 2141 714 2176 Od.
748 2152 783 2183 λ,
819 2155 889 2191 277
923 2142 1001 2192 sqq.

379 2193 442 2230 Sic
458 2204 568 2230 mater
580 2193 726 2241 Ulyffis,
747 2193 931 2236 Anticlea,
943 2207 1000 2242 ap.

375 2247 487 2282 eund.
544 2245 603 2281 Sic
625 2244 722 2281 Clite
739 2258 796 2294 ap.
826 2245 1002 2295 Apollon.

380 2297 415 2340 I,
442 2296 550 2344 1063.
606 2294 666 2332 Sic
688 2295 837 2332 Phaedra
854 2307 890 2342 vet
909 2297 1001 2333 aliae.

1067 2091 1116 2126 do
1135 2091 1179 2126 de
1197 2090 1318 2127 cinere
1336 2089 1411 2126 foci
1428 2089 1466 2125 in
1484 2090 1692 2140 propinquo

1066 2141 1187 2178 stantis
1234 2146 1289 2190 (ut
1324 2141 1431 2178 Iliad.
1473 2159 1511 2184 σ,
1562 2155 1606 2189 23
1641 2143 1689 2180 de

1067 2193 1247 2239 Achille),
1285 2192 1346 2229 sed
1387 2201 1423 2229 et
1458 2192 1502 2228 de
1539 2195 1688 2243 pulvere

1067 2245 1231 2281 occurrit
1250 2243 1380 2293 Odyff.
1408 2263 1447 2288 ω,
1475 2256 1561 2294 3Ις.
1617 2246 1690 2282 Ca-

1067 2303 1178 2332 nitiem
1195 2307 1287 2333 terra
1315 2306 1414 2345 atque
1431 2299 1536 2345 illflfso
1545 2296 1692 2346 pul-vere

378 2348 490 2385 Hanc
527 2349 617 2384 adeo
654 2357 803 2383 mortem
846 2347 1003 2397 praerulit
1055 2350 1231 2400 faedam:
1259 2346 1444 2395 prasii-erat
1465 2348 1540 2397 jam
1559 2348 1690 2386 Catul-

377 2402 487 2451 poe'ta
519 2398 746 2436 historiarum
791 2398 888 2441 fidei,
932 2412 1002 2447 qua

377 2452 475 2502 apud
513 2450 678 2488 Servium
716 2448 846 2486 Fabius
880 2449 1001 2486 Pictor

379 2506 552 2540 Amatam
575 2500 697 2538 inedia
725 2501 760 2537 se
787 2501 1001 2538 interemisse

378 2554 591 2592 tradiderat.
629 2553 681 2588 At
703 2550 782 2588 Piso
796 2554 889 2601 apud
910 2553 1001 2589 Vic-

378 2615 453 2643 tor.
480 2604 530 2642 O.
551 2605 604 2642 G.
628 2603 674 2640 R.
708 2617 750 2651 13
770 2603 999 2653 simpliciter:

375 2662 549 2708 intersim-30
566 2657 687 2692 Latino
708 2654 760 2702 (in
779 2668 899 2705 pugna
916 2669 999 2692 cum

378 2708 543 2755 Rutulis)
564 2719 694 2744 mortem
715 2706 1001 2757 Laviniamstlai-

377 2773 443 2800 met
459 2761 651 2810 coqscivgff‘.
681 2759 808 2795 Nsdzsm
825 2758 884 2795 leti
897 2772 940 2807 eg
947 2771 999 2795 re-

378 2813 439 2862 gie
457 2810 553 2848 dixit
571 2823 635 2861 pro
653 2809 750 2846 nodo
770 2809 911 2846 letifero
927 2827 936 2855 ;
964 2820 1000 2846 et

376 2865 477 2903 laum
500 2867 639 2916 irgforme
657 2873 723 2913 pro
748 2861 858 2913 turpi,
884 2861 999 2908 foedo,

1066 2400 1121 2436 lus
1149 2398 1297 2442 LXIH,
1319 2411 1407 2447 224,
1427 2407 1463 2435 ut
1482 2399 1592 2436 etiam
1611 2412 1687 2437 mo-

1067 2450 1184 2487 nitum
1201 2463 1221 2486 a
1241 2449 1404 2486 Guellio.

1119 2505 1208 2549 614.
1251 2501 1509 2538 Revocandum
1542 2501 1581 2537 in
1613 2502 1693 2540 ani*

1067 2567 1181 2597 mum,
1216 2553 1316 2602 quod
1339 2552 1506 2589 Turnum
1533 2553 1687 2601 juturna

1067 2605 1112 2640 ad
1123 2615 1299 2641 extremos
1312 2603 1454 2641 ordines
1468 2604 1685 2642 deduxerat:

1066 2655 1142 2706 sup.
1165 2658 1238 2704 483
1268 2655 1343 2705 sqq.
1399 2656 1487 2692 616.
1516 2657 1621 2693 tristis
1651 2667 1689 2694 et

1066 2707 1240 2744 sollicitus
1252 2710 1349 2755 ficere
1376 2722 1397 2742 u
1418 2722 1582 2757 equorum,
1600 2721 1692 2757 quos

1067 2759 1206 2796 viribus
1235 2772 1275 2795 ae
1303 2758 1407 2795 cursu
1435 2758 1585 2796 deficere
1613 2770 1691 2795 tan-

1067 2810 1150 2847 dem
1165 2810 1322 2847 videbat.
1376 2809 1474 2859 Ergo
1480 2812 1536 2857 su<
1545 2811 1635 2860 ciffis
1649 2811 1688 2847 h.

1067 2862 1092 2901 l.
1112 2874 1185 2900 non
1205 2862 1252 2901 est
1270 2861 1440 2908 sortunae,
1460 2860 1518 2900 sed
1543 2861 1688 2951 procses-

1642 2927 1693 2959 us,
