1847 3313
402 254 817 321 AEN'EIDOS,
873 256 1023 310 LIss.
1068 252 1161 310 IX.
1347 273 1443 327 333²

138 397 201 446 Et
224 399 361 445 funus
383 398 587 444 lacerum
613 397 748 444 tellus
771 396 942 443 habet?
978 397 1066 444 hoc
1092 396 1212 443 mihi
1236 396 1295 442 de
1318 407 1380 452 te,

138 489 277 546 Nate,
298 488 473 534 refers?
510 490 598 534 hoc
626 487 727 533 sum
754 499 968 548 terraque
991 488 1203 549 marique
1227 484 1413 532 secuta?

139 580 297 642 Figite
321 593 413 634 me,
438 578 471 623 fi
489 594 581 639 qua
605 577 669 622 est
692 577 840 639 pietas
861 600 873 630 ;
911 577 959 622 in
984 591 1060 620 me
1084 575 1244 621 omnia
1267 574 1360 620 tela

141 669 394 735 Conjicite‚
429 685 457 714 o
480 667 676 721 Rutuli3
713 684 790 714 me
812 667 1018 730 primam
1040 665 1272 711 absumite
1296 664 1446 709 ferroz

137 762 239 809 Aut
262 776 327 818 tu,
352 778 523 825 magne
538 772 668 823 pater
685 759 864 813 divom,
887 755 1118 810 miserere,
1142 765 1319 814 tuoque
1351 761 1442 812 495

139 851 349 899 Invisum
374 850 463 894 hoc
488 845 683 892 detrude
707 856 848 907 caput
872 843 955 888 sub
982 843 1176 887 Tartara
1200 841 1325 886 telo:

138 941 345 1006 Qando
367 939 499 985 aliter
516 953 698 999 nequeo
718 935 957 981 crudelem
980 933 1261 995 abrumpere
1278 932 1446 979 vitam.

139 1033 251 1080 Hoc
276 1032 387 1077 fietu
412 1027 615 1076 concuffi
639 1027 801 1084 animi,
827 1026 1106 1089 maestusque
1125 1042 1211 1088 per
1227 1023 1385 1071 omnis

138 1124 184 1170 It
208 1122 413 1187 gemitus
428 1143 440 1173 3
476 1131 665 1181 torpent
690 1118 902 1165 infracstae
927 1119 985 1164 ad
1010 1118 1180 1180 proelia
1201 1117 1338 1162 vires.

140 1212 279 1262 Illam
299 1211 631 1260 incendentem
654 1211 804 1257 ludtus
831 1203 986 1256 Idaeus
1012 1223 1058 1256 et
1082 1210 1243 1265 Adtor,
1357 1220 1450 1269 500

141 1305 307 1352 Ilionei
332 1305 519 1350 monitu
547 1314 591 1348 et
613 1302 821 1348 multum
846 1301 1133 1348 lacrimantis
1156 1300 1266 1358 Iuli,

145 1394 449 1456 Conripiunt,
473 1393 690 1453 interque
712 1407 875 1436 manus
899 1389 981 1436 sub
1002 1389 1120 1435 tecta
1143 1401 1395 1451 reponunt,

198 1489 275 1545 *At
298 1486 411 1533 tuba
435 1484 695 1531 terribilem
717 1483 921 1529 sonitum
944 1481 1110 1544 procul
1135 1498 1226 1528 aere
1248 1497 1419 1528 canoro

144 1577 405 1641 Increpuit.
478 1576 700 1638 Sequitur
717 1575 913 1631 clamor,
929 1575 1204 1636 coelumque
1224 1571 1448 1635 remugit,

187 1720 263 1753 492.
285 1713 367 1742 Nate
390 1721 422 1740 ne
439 1709 507 1750 fers
531 1708 611 1742 alter
637 1707 758 1738 Hamb.
802 1719 870 1750 quae
891 1707 956 1751 sum
979 1706 1100 1747 aliquot
1117 1705 1190 1738 cdd.
1209 1711 1303 1743 vett„
1328 1702 1381 1734 sed
1401 1703 1452 1734 hoc

134 1762 201 1806 sum
224 1771 334 1791 omnes
349 1760 455 1801 scripti
472 1759 556 1790 Pier.
576 1766 608 1789 et
631 1758 738 1789 Heius.
757 1765 786 1788 et
802 1758 954 1796 Gothani,
979 1765 1093 1799 praetet
1111 1757 1264 1799 primum.
1310 1756 1372 1786 haec
1385 1755 1451 1797 sum

143 1814 202 1845 sec.
221 1811 375 1843 Rottend.
405 1818 436 1841 et
460 1810 603 1840 Parrhas.
692 1820 765 1851 494.
785 1812 910 1852 primum
934 1809 1013 1840 alter
1043 1808 1163 1840 Hamb.
1210 1809 1367 1850 abrumpite
1392 1806 1455 1838 sec.

146 1866 267 1896 Moret.
358 1869 433 1902 495.
453 1862 498 1892 At
513 1869 543 1890 tu
567 1867 699 1900 uterque
728 1860 848 1892 Hamb.
880 1868 911 1890 et
928 1860 987 1892 sec.
1022 1858 1306 1899 Moret.-—·-—498.
1332 1859 1454 1901 conczffa

145 1917 232 1948 animi
254 1911 354 1944 Goth.
370 1919 459 1949 tert„
481 1911 567 1952 quod
582 1910 674 1941 facile
691 1910 761 1952 quis
777 1918 920 1949 exornet,
935 1910 990 1952 qui
1004 1910 1072 1941 otio
1089 1908 1454 1950 abundet,quantumvis

146 1967 302 2009 ineptum.
348 1963 501 2006 maestqsque
531 1973 549 1992 a
565 1973 609 1992 m.
642 1973 693 2003 pr.
719 1961 861 1993 Mentel.
894 1973 941 2004 pr.
1029 1971 1104 2001 500.
1129 1962 1287 1993 incidentem
1311 1959 1452 1993 Oudart.·

146 2027 174 2049 et
189 2021 285 2048 auHor
307 2017 403 2046 Rom.
430 2021 462 2044 et
481 2013 582 2044 Goth.
603 2021 678 2045 tert.
704 2025 740 2044 ac
762 2014 899 2045 DorvssL
934 2025 951 2044 a
965 2025 1010 2046 m.
1035 2014 1094 2045 sec.
1139 2015 1174 2043 In
1195 2012 1300 2053 Regio
1322 2011 1455 2053 sequeno

148 2070 255 2102 versus
278 2068 352 2099 huic
373 2065 548 2109 praemiss‘us
575 2074 652 2097 erat.
738 2075 817 2105 501.
839 2069 967 2099 monitum
988 2067 1035 2098 ed.
1060 2068 1312 2108 Junt.--—502.
1336 2068 1364 2096 in
1379 2069 1455 2099 tefflz

149 2121 243 2153 multi
266 2120 349 2151 Pier.
366 2126 397 2150 et
415 2117 526 2149 Heins.
549 2128 621 2148 cum
639 2117 738 2148 Goth.
757 2125 854 2156 tert.;
885 2126 955 2149 tum
979 2127 1112 2162 reponunt
1132 2117 1198 2159 jam
1212 2116 1285 2146 inde
1300 2116 1339 2146 ab
1353 2115 1453 2146 Aldd.

149 2171 279 2213 legitur.
326 2177 470 2212 reportant
492 2174 571 2199 vett.
591 2168 662 2198 edd.
685 2178 735 2209 ap.
761 2167 847 2200 Pier.
874 2176 905 2199 et
922 2179 974 2210 qu.
995 2170 1128 2200 Moret..
1155 2166 1241 2208 quod
1254 2165 1325 2197 sane
1341 2165 1456 2207 vulga-

149 2223 234 2260 rius;
264 2228 295 2252 et
311 2219 350 2250 fic
365 2219 432 2259 sup.
451 2219 522 2253 Vn,
545 2227 619 2256 574-
665 2221 713 2248 At
732 2218 770 2248 cf.
794 2219 860 2260 sup.
886 2220 941 2256 IV,
965 2227 1040 2260 391.
1060 2227 1133 2260 392.
1152 2217 1241 2256 VIII,
1261 2216 1337 2256 584.
1380 2219 1456 2248 inter

149 2286 246 2306 manus
269 2278 347 2314 puta
361 2269 564 2301 famularum.
654 2279 731 2309 503.
755 2272 850 2314 smoro
873 2270 982 2312 Bigot,

149 2369 228 2397 tant
244 2358 365 2408 Intpp.
391 2366 427 2393 et
445 2360 570 2405 στεῒξον
589 2355 728 2394 Lae'rtae
747 2369 768 2392 a
820 2361 931 2407 fimus
957 2364 1075 2394 autem
1101 2354 1148 2392 est
1166 2352 1331 2397 cad-aver,
1358 2358 1398 2389 ut
1414 2362 1451 2386 a·

153 2411 327 2460 Penelope
360 2419 523 2446 curatum
557 2408 625 2443 huc
656 2408 768 2444 advo-
833 2408 900 2446 libi
917 2419 1072 2458 quoque.

150 2471 248 2500 cant.
287 2461 344 2498 De
353 2459 419 2498 filii
430 2458 662 2496 adolescentis
674 2472 769 2495 mor-
887 2473 934 2511 50
940 2473 972 2507 3.
1011 2471 1095 2509 504.
1142 2456 1312 2493 Praeclare
1332 2453 1377 2490 ad
1396 2466 1452 2490 re-

152 2523 188 2551 te
206 2522 319 2550 mater
349 2511 508 2562 profecto
535 2524 607 2546 non
627 2510 768 2559 cogita·
833 2512 1035 2547 vocandum
1051 2524 1070 2546 a
1089 2521 1255 2551 moerore,
1273 2516 1307 2542 et
1322 2504 1453 2554 recipi-

152 2566 227 2602 bat.
281 2576 369 2614 492.
389 2563 444 2600 hoc
460 2571 582 2611 caput,
600 2563 697 2610 quod
709 2575 770 2597 an—
834 2563 967 2599 endum
985 2574 1029 2598 ex
1047 2571 1118 2597 tam
1130 2561 1239 2608 longa
1249 2556 1452 2594 narratione

155 2627 190 2653 te
207 2616 329 2652 oculos
348 2625 423 2651 erat
450 2613 615 2650 suffixum
634 2612 770 2663 pertica
834 2613 1008 2655 animum,
1050 2611 1164 2649 utitur
1207 2609 1361 2645 verfibus
1404 2607 1452 2642 ad

155 2680 191 2704 v.
210 2667 298 2715 465.
351 2678 438 2714 403.
457 2665 514 2702 hoc
525 2668 605 2713 sum
619 2669 735 2712 sim-uta
749 2667 770 2700 ‚9
836 2665 1028 2701 movendos
1042 2662 1178 2700 animos
1196 2660 1358 2697 idoneis:
1374 2657 1451 2707 pri-

156 2727 196 2754 ut
227 2715 318 2753 mihi
349 2716 544 2767 aliquando
563 2716 601 2752 id
620 2716 698 2752 effet
724 2715 770 2752 fic
835 2716 907 2752 oris
938 2715 1049 2752 lineas
1077 2714 1198 2750 ductas
1225 2712 1290 2749 esse
1319 2721 1365 2747 ex
1383 2709 1451 2746 illo

156 2767 454 2820 adspefiandum!
503 2766 585 2804 Nifi
618 2768 675 2804 hoc
705 2779 771 2816 pro
836 2766 972 2803 Ennii:
1000 2777 1039 2803 at
1065 2765 1145 2801 tuba
1179 2762 1323 2801 terribili
1338 2762 1453 2810 soniste

154 2833 214 2863 eo,
249 2827 447 2869 propterea,
479 2818 581 2856 malis
598 2818 772 2869 accipere.
835 2828 1057 2856 taratantara
1090 2818 1191 2858 dixit,
1217 2826 1338 2852 omnes
1374 2824 1451 2848 mo-

1343 2874 1451 2900 nuere
