1847 3313
438 291 840 348 AENEIDOS‚
891 290 1043 338 LIB.
1091 288 1205 337 VII.
1369 300 1431 353 35

116 437 284 502 Qum
309 435 565 499 praeveetus
589 449 712 495 equo
739 430 949 494 longaevi
973 429 1100 491 regis
1122 427 1181 474 ad
1205 425 1330 474 auris

118 525 325 573 Nuntius
351 524 553 588 ingentis
575 524 735 586 ignota
759 521 806 567 in
830 520 954 567 veste
975 528 1186 582 reportat.

117 617 369 666 Advenisse
394 616 537 662 viros.

609 613 696 660 Ille
720 613 842 658 intra
865 610 987 656 tec'ta
1008 605 1170 654 vocari

119 706 343 770 Imperat,
383 718 428 752 et
454 705 570 750 solio
593 703 777 749 medius
804 700 1016 748 consedit
1035 698 1183 746 avito,

119 794 234 842 TeeQ
221 813 320 843 um
354 794 620 858 augustum,

310 883 502 939 lumnis,

668 793 850 856 ingens⁵
891 799 1086 836 centum
1122 787 1324 835 sublime
1345 802 1432 834 co-

1340 890 1432 939 170

125 975 248 1022 Urbe
271 975 360 1021 fuit
383 974 580 1030 summa,
619 968 867 1018 Laurentis
893 969 1023 1032 regia
1047 962 1168 1025 Pici,

119 1064 428 1111 Hori-endum
453 1063 577 1110 filvis
602 1073 648 1108 et
671 1060 901 1123 religione
924 1070 1194 1123 parentum.

117 1142 215 1203 Hic
241 1155 423 1218 sceptra
443 1155 679 1217 adelpere,
712 1164 758 1199 et
782 1151 966 1214 primos
989 1149 1217 1198 adtollere
1240 1147 1378 1197 fascis

115 1243 325 1306 Regibus
349 1249 492 1289 omen
516 1250 635 1288 erat:
673 1239 762 1286 hoc
788 1238 882 1285 illis
907 1238 1038 1286 curia
1062 1239 1318 1303 templum,

160 1372 232 1405 166.
261 1374 334 1403 ‘Tum
351 1358 471 1414 aliquot
490 1372 574 1403 Pier,
617 1375 780 1413 praevec‘lus
799 1380 836 1401 ex
863 1369 948 1402 Pier.
975 1377 1007 1402 et
1035 1371 1096 1402 suis
1121 1371 1243 1414 recepit
1270 1369 1431 1408 Heinsius,

117 1432 152 1457 ut
169 1424 217 1463 sit,
239 1433 312 1455 aute
327 1425 358 1454 T
361 1425 486 1466 rojanos
517 1423 629 1455 urbem
647 1422 811 1453 invectus:
851 1428 888 1452 ut
908 1426 1028 1463 praeire,
1045 1425 1212 1465 precedere.
1259 1423 1326 1453 Cur
1341 1422 1431 1453 enim

117 1479 223 1514 poetae
242 1485 304 1504 nou
323 1473 411 1504 licuit
428 1483 510 1504 nova
524 1483 600 1503 voce
617 1473 663 1503 uti
681 1473 718 1503 ad
736 1471 918 1512 analogiam
947 1472 1032 1503 faeta
1047 1472 1059 1504 ἓ
1106 1472 1174 1503 Alii
1193 1472 1305 1515 legunt
1320 1483 1329 1504 z
1358 1479 1431 1514 pro-

117 1530 223 1563 ·vecYus,
245 1525 330 1567 quod
347 1525 461 1556 frustra
475 1524 617 1555 defendit
634 1524 744 1555 Burm‘

118 1581 192 1607 tert.
209 1577 308 1607 Goth.

120 1678 193 1709 168.
216 1682 285 1709 inter
299 1678 361 1708 duo
378 1679 487 1708 Burm.
582 1676 655 1717 169.

840 1522 912 1560 167.
938 1525 967 1553 in
995 1523 1080 1555 deest
1111 1523 1208 1554 tertio
1236 1522 1371 1554 Mentel.
1395 1528 1430 1553 et

355 1583 494 1617 apin-tant
524 1575 605 1606 alter
627 1575 749 1606 Hamb.
797 1581 919 1616 reportat
944 1575 988 1606 est
1007 1575 1190 1616 fimpliciter
1219 1585 1278 1617 pro
1306 1581 1429 1617 portat.

119 1636 282 1669 arg-utatur
301 1628 512 1663 Burmannus,
536 1627 614 1656 dum
630 1625 776 1656 emissum
792 1633 865 1655 ante
889 1626 1038 1657 nuntium
1065 1625 1154 1658 fuisse
1172 1625 1340 1667 conjecstat.

679 1679 761 1706 medio
787 1675 867 1706 alter
884 1677 1170 1716 Hamb.--—I71.
1198 1678 1320 1719 Urbef'.
1341 1679 1430 1708 media

116 1728 236 1760 {esrum
253 1728 367 1759 alicubi
384 1735 456 1758 ante
473 1727 636 1764 Pieriunu
661 1735 691 1758 et
716 1727 755 1758 fic
778 1727 899 1768 aliquot
919 1728 1029 1759 Heins.
1048 1736 1079 1759 et
1095 1729 1206 1759 Burm.
1234 1738 1307 1759 cum
1325 1726 1427 1758 Goth.

116 1787 193 1813 tert.

116 1840 148 1864 et
166 1833 274 1863 Burm.
291 1840 365 1861 cum
382 1830 482 1861 Goth.
497 1841 546 1872 pr.
588 1838 653 1873 etp.
665 1832 757 1861 tollere

116 1949 161 1994 co
193 1950 335 1995 quoque
367 1943 402 1973 et
433 1950 542 1974 omm
535 1950 580 1974 10
615 1951 652 1987 pr
642 1936 739 1974 riscae

117 2002 150 2024 x·
141 2000 200 2025 tae
226 1989 312 2032 ritu,
340 1998 378 2025 ut
409 1988 447 2025 in
477 1989 560 2025 loco
584 1989 738 2025 Hefiodi

119 2041 234 2083 (S.cut
268 2045 354 2098 285
378 2043 483 2086 2556),
512 2051 591 2077 ante
612 2039 736 2077 urbem

117 2092 154 2128 in
172 2091 310 2141 campis
328 2103 469 2128 exercet
499 2092 531 2128 se
559 2092 660 2128 cursu
693 2105 734 2128 ac

115 2142 212 2179 ludit
244 2144 350 2180 armis
381 2146 550 2191 juventus
582 2143 731 2180 urbana.

117 2194 229 2230 Poeta
246 2206 363 2231 autem
390 2207 433 2230 eo
458 2208 558 2231 more
587 2195 733 2245 egregie

116 2244 196 2282 usus
227 2246 290 2289 est,
318 2254 356 2282 ut
385 2246 526 2283 suavem
558 2246 733 2283 narratio-

115 2309 196 2333 nem
225 2296 368 2334 faceret.
420 2300 581 2335 domitant
618 2313 667 2336 cm
671 2313 733 2334 7715

115 2361 181 2398 pro
197 2349 300 2397 equis
315 2348 511 2398 jugalibus,
531 2360 570 2386 ut
587 2348 675 2386 alibi
695 2349 732 2385 hi

113 2411 179 2450 pro
193 2398 284 2444 illis;
315 2410 402 2436 noto
419 2405 607 2450 poetarum
621 2413 732 2437 more.

115 2451 209 2488 Mox
234 2452 383 2501 spicnla5
426 2452 493 2488 int.
519 2452 654 2501 jacula,
697 2461 734 2489 et

112 2502 296 2551 epitheton
314 2502 404 2539 lenta
417 2502 460 2538 ad
479 2503 660 2541 materiem
680 2515 733 2540 re-

113 2555 178 2592 fer.
243 2554 412 2604 lacſjm
454 2555 627 2604 exquisite
662 2567 728 2604 pro

113 2607 350 2648 contendunt,
376 2615 538 2643 certant:
566 2605 728 2656 quando—

114 2656 260 2704 quidem
276 2667 473 2706 provocant
500 2657 534 2694 se
563 2669 599 2694 et
617 2655 729 2695 laces-

114 2708 210 2750 sunt,
237 2707 300 2757 qui
315 2717 489 2758 pugnant.

171 2763 382 2810 170—-176,
423 2759 501 2797 Pici
529 2759 604 2797 haec
635 2765 731 2817 regia

111 2808 151 2847 in
178 2822 258 2849 arce
287 2809 476 2856 Laurenti,
501 2810 642 2849 diversa
661 2811 731 2848 uti-

237 1782 330 1811 κακίω»
343 1778 643 1817 Dorvi11.-—175.
670 1779 747 1809 Hinc
764 1779 835 1809 Ald.
855 1789 902 1820 pr.
924 1787 956 1810 et
977 1780 1066 1821 Junt.
1081 1786 1114 1810 et
1129 1789 1200 1820 pars
1211 1779 1302 1810 codd.
1319 1779 1430 1811 Heinss

771 1830 1031 1871 Witt.——174.
1054 1833 1152 1873 templo
1167 1829 1275 1873 Bigot.

803 1949 873 1987 que
900 1949 921 1973 a
955 1935 1078 1973 Latini
1109 1935 1260 1988 regiav.
1265 1949 1327 1995 5⁶9
1346 1936 1425 1988 sqq.

803 1988 1001 2037 descripta,
1028 1998 1064 2025 et
1094 1988 1297 2039 improprie
1326 1989 1426 2026 dicia

802 2046 908 2090 regia,
936 2040 971 2077 h.
997 2053 1029 2077 e
1049 2040 1240 2078 aedificium
1256 2039 1424 2091 magnifi-

800 2104 904 2128 cum
895 2119 904 2135 ,
934 2105 1014 2127 nam
1035 2091 1104 2128 fuit
1116 2092 1304 2142 templum,
1324 2091 1424 2142 quod

797 2155 863 2193 pro
882 2142 983 2179 curia
1005 2143 1100 2187 effer,
1126 2155 1147 2180 e
1164 2155 1265 2180 more
1281 2143 1423 2193 prisco-

798 2207 876 2231 rum
917 2194 1119 2232 hominum.
1184 2194 1242 2231 Ex
1282 2194 1420 2244 fragm.

803 2244 923 2283 Varie.
943 2258 962 2281 a
978 2246 1139 2283 Bartolio
1155 2259 1192 2296 p.
1215 2259 1286 2296 134
1302 2246 1422 2283 forma

797 2295 901 2345 hujus
931 2296 1055 2348 templi
1089 2297 1251 2358 expressa
1267 2298 1330 2341 est,
1357 2297 1420 2335 sed

798 2348 913 2384 aliena
931 2348 1127 2385 admodum
1146 2362 1166 2385 a
1183 2352 1299 2399 poe'tae
1318 2362 1421 2385 men-

799 2409 834 2436 te
852 2412 894 2435 ae
914 2399 1066 2437 ratione.
1117 2399 1285 2437 Imitatus
1302 2401 1349 2438 est
1364 2400 1420 2438 10

798 2462 881 2487 cum
897 2452 1028 2488 Seneca
1048 2450 1195 2501 Thyest.
1225 2465 1262 2490 v.
1279 2452 1352 2502 640
1370 2452 1419 2489 ad

800 2501 889 2552 664.
940 2518 984 2539 ur
984 2502 1184 2552 besumma'
1170 2522 1198 2542 εν
1211 2506 1303 2541 πόλει
1318 2507 1420 2553 ἀκρο-

794 2555 902 2605 τάτῃ,
932 2563 972 2589 ut
1006 2554 1101 2592 Iliad
1134 2572 1180 2604 χ,
1212 2568 1297 2606 172,
1325 2556 1362 2593 h.
1381 2567 1417 2595 e.

792 2607 820 2642 ἓν
862 2607 1049 2654 άκξοπόλει.
1118 2606 1231 2644 Circa
1263 2607 1418 2645 domum

791 2656 891 2693 illam
911 2659 1013 2694 lucus
1035 2666 1109 2695 erat
1130 2661 1182 2705 (v.
1206 2661 1292 2715 172)
1313 2670 1416 2696 more

791 2717 953 2745 veterum
972 2708 1011 2745 in
1028 2709 1186 2759 templis,
1211 2719 1248 2746 et
1263 2722 1302 2746 m
1312 2709 1416 2759 prin-

792 2757 916 2808 cipum
949 2759 1100 2798 aedibus.
1153 2760 1323 2798 Alterum
1340 2762 1414 2802 hoc

791 2822 838 2847 ex
868 2810 936 2847 lib.
968 2810 1024 2857 Π,
1053 2825 1142 2864 ²99·
1177 2824 1253 2864 300
1268 2811 1315 2850 de
1333 2812 1414 2849 An—

847 2861 882 2900 C
910 2876 932 2901 2
1307 2862 1418 2905 chisae
