1847 3313
257 298 714 355 AENEIDOS,
784 297 949 344 LIB.
1008 295 1146 344 Vm.
1291 311 1382 362 237

79 429 355 479 Pulveream
384 431 576 487 nubem,
608 443 653 477 ct
676 430 899 493 fulgentis
924 445 1016 476 aere
1038 441 1260 475 catervas.

79 521 181 568 Olli
205 537 289 583 per
312 521 498 578 dumos,
529 536 622 582 qua
646 519 864 582 proxima
887 530 1013 565 meta
1038 517 1235 573 viarum,

79 611 267 657 Armati
288 611 503 657 tendunt.
576 613 621 657 It
645 609 841 664 clamor,
864 618 909 653 et
934 607 1125 669 agmine
1152 605 1273 652 facio
1297 616 1384 670 595

26 711 29 715 ’
78 697 480 762 Qadrupedante
496 709 686 761 putrem
705 697 856 743 sonitu
881 696 1032 759 quatit
1056 695 1234 759 ungula
1253 710 1392 741 cam-

269 808 405 854 pum.

78 874 160 924 Est
186 878 350 941 ingens
370 878 584 940 gelidum
609 880 741 927 lucus
766 895 914 942 prope
940 880 1128 927 Caeritis
1147 896 1355 937 amnem,

76 967 325 1031 Religione
343 980 531 1031 patrum
557 969 647 1012 lare
673 968 826 1021 sacen
864 971 1072 1034 undique
1092 972 1235 1018 colles

119 1126 195 1159 594.
218 1132 303 1161 quam
320 1128 370 1163 pr.
399 1118 499 1150 Goth.
529 1119 745 1161 pr.—-—596.
776 1121 892 1162 pigram
922 1117 1013 1151 malit
1036 1119 1086 1150 vir
1113 1116 1242 1158 d0&us;
1271 1126 1387 1161 putrent

77 1169 164 1199 enim
188 1169 248 1200 effe
270 1170 476 1212 uliginosum,
494 1170 692 1212 palustrem:
718 1177 750 1201 at
767 1181 795 1201 V.
817 1172 950 1214 Notam.
998 1173 1092 1214 quatit
1108 1171 1215 1213 ungula
1236 1170 1388 1214 pulverem

77 1220 206 1252 Marius
236 1221 359 1252 Plotius
384 1221 423 1252 de
453 1221 564 1252 metris
594 1233 645 1263 ap.
679 1221 787 1254 Heins.
878 1231 955 1263 597.
996 1224 1086 1259 Caere,
1109 1223 1140 1252 τὸ
1161 1225 1254 1264 Καῖξε,
1289 1223 1388 1265 Καιξὴ,

78 1272 217 1315 Καίρητα.
267 1275 340 1314 Jam
357 1274 436 1304 Caere
452 1273 549 1303 rnodo
575 1283 638 1304 non
665 1273 819 1311 fleciitur,
842 1274 939 1304 modo
956 1273 1043 1304 flecti
1059 1273 1186 1304 videtur
1208 1273 1241 1304 in
1265 1275 1390 1313 Caeritis,

76 1331 109 1354 et
126 1323 158 1354 in
178 1326 304 1355 Caereris.
353 1323 406 1354 Est
422 1335 517 1365 porro
541 1331 572 1354 et
590 1326 694 1362 Crass,
710 1325 794 1355 unde
807 1324 930 1366 duplici
946 1324 1043 1355 modo
1059 1327 1176 1356 Caerites
1192 1335 1223 1356 et
1246 1327 1387 1365 Caeretem

75 1374 172 1405 tertio
203 1385 329 1415 quoque
355 1375 448 1405 mode
481 1377 632 1412 Caeretam',
1184 1378 1220 1407 In
1245 1376 1388 1418 Virgilio

76 1424 174 1466 igitur
190 1426 301 1456 Caeritis
317 1425 414 1462 mere,
429 1425 480 1455 seu
498 1433 533 1456 ut
552 1437 569 1455 a
585 1428 666 1457 Care
682 1426 730 1465 fit,
750 1427 801 1457 seu
817 1435 853 1458 ut
867 1438 885 1457 a
901 1429 1004 1459 Caeres.
1050 1429 1148 1459 ceritis
1165 1438 1215 1468 ap.
1234 1428 1387 1460 Priscian.

76 1475 191 1507 Caeretis
216 1483 248 1506 et
272 1478 373 1507 Ceretis
403 1476 511 1518 passim
539 1477 611 1512 alii;
636 1477 759 1517 vitiose,
784 1489 859 1509 nam
887 1478 927 1510 fic
952 1478 1058 1509 media
1085 1478 1204 1520 longa:
1240 1479 1388 1523 Καῖξητος,

658 1377 682 1406 οἵ
709 1377 871 1419 Καιξητανοῖ
902 1383 933 1408 et
965 1377 1134 1420 Καιξετανοὶ.

78 1527 161 1558 unde
178 1528 350 1558 Caeretanus.
369 1527 427 1560 inf.
452 1529 498 1567 X,
522 1528 581 1568 183
601 1530 664 1573 Qz'
681 1531 788 1562 Caerete
802 1530 888 1562 domo·

76 1638 114 1675 in
129 1650 288 1677 extrema
304 1639 383 1677 caeli
402 1653 481 1685 ora,
509 1654 579 1690 qua
599 1654 696 1678 mare

75 1691 201 1728 ambit.
270 1692 355 1742 Sup.
393 1692 465 1729 Ge.
503 1692 576 1736 IV,
623 1706 693 1741 23²

78 1740 226 1794 ‘scgygete
248 1744 360 1793 fimul
387 1758 418 1779 os
446 1749 543 1780 terris
566 1746 697 1794 qstendit

72 1793 232 1843 honestum
260 1793 367 1831 Plias.

128 1858 216 1897 504.
238 1855 299 1894 per
316 1847 448 1888 dumos3
474 1859 536 1895 per
560 1845 696 1895 virgul-

76 1905 127 1939 ta,
155 1897 268 1934 silvas.
297 1896 346 1933 cf.
376 1896 466 1933 Stat.
494 1896 545 1932 H.
576 1896 696 1935 Theb.

75 1949 164 1997 496.
206 1961 296 1998 497.
347 1960 434 1984 mela
464 1954 603 1985 viarum
637 1961 698 1985 or—

76 2010 157 2035 nate
171 2013 235 2049 pro
250 2000 310 2036 via
326 2015 336 2045 3
364 1999 509 2050 proprie
527 1998 697 2037 terminus

75 2062 110 2087 et
125 2051 202 2087 finis
216 2051 294 2087 viae.
354 2053 437 2100 596.
471 2050 622 2087 Versum
642 2050 696 2101 ip-

77 2101 115 2139 so
142 2101 330 2139 verborum
349 2101 434 2138 sono
454 2115 526 2138 rem
546 2102 696 2138 referen-

76 2162 149 2190 tem
179 2153 300 2190 mirati
329 2153 407 2189 sunt
439 2152 568 2189 multi:
599 2167 697 2190 com-

76 2215 200 2254 parato
231 2217 372 2255 quoque
390 2204 450 2241 vff.
505 2206 592 2254 465.
621 2206 698 2254 466

77 2256 184 2293 Iliad.
203 2258 241 2298 β.
295 2255 452 2292 Odimus
465 2255 697 2294 subtilitatem

79 2307 260 2344 molestam
304 2306 343 2343 in
380 2306 529 2344 talibus:
577 2307 696 2344 casum

77 2356 220 2396 felicein
251 2357 511 2405 ampleffimur.
574 2358 696 2408 Ipsum

77 2409 225 2459 quidem
272 2409 484 2446 inflammati
521 2410 696 2460 impetum

77 2461 215 2512 ingenii
242 2461 282 2498 in
299 2461 373 2497 haec
400 2472 525 2497 natura
543 2462 696 2499 ducente

78 2511 239 2550 incidere
250 2512 380 2549 neceffe
391 2514 437 2549 est
451 2528 460 2557 3
489 2512 605 2549 studio
623 2513 695 2550 fac-

78 2573 153 2600 tum
181 2563 307 2601 nolim.
337 2563 388 2600 cf.
417 2563 577 2613 Disquis.
598 2564 613 2599 I
634 2564 697 2602 sub

78 2613 104 2652 f.
134 2614 324 2652 Praeiverat
343 2614 482 2652 Ennius
499 2615 595 2666 apud
612 2613 696 2652 Ma-

77 2665 179 2703 crob.
219 2666 291 2709 VI,
337 2679 349 2704 1
387 2680 432 2703 ex
467 2667 602 2704 Annal.
640 2666 696 2703 VI

76 2727 178 2755 lotam
205 2725 310 2768 qualit
335 2718 462 2770 ungula
482 2729 604 2755 terram
616 2735 626 2764 3
661 2728 696 2756 et

79 2769 214 2806 Annal.
235 2767 309 2805 VII
314 2773 442 2818 summo
456 2772 568 2817 sonitu
590 2775 698 2820 qualit

77 2820 205 2870 angula
222 2831 347 2858 terram
360 2836 369 2865 ;
401 2819 517 2858 XVII
536 2821 561 2856 I
559 2832 572 2858 t
589 2837 696 2872 eques,

76 2884 109 2909 et
131 2870 255 2923 plaustr
283 2887 375 2911 cava
405 2879 542 2911 concutit
570 2873 700 2925 ungula

762 1653 899 1679 terram.
928 1640 1005 1680 vid.
1033 1641 1156 1680 Urfin.
1184 1642 1230 1679 ad
1248 1642 1286 1680 h.
1305 1642 1331 1680 Ῑ.
1351 1649 1388 1678 et

762 1694 885 1731 Cerda
915 1692 981 1730 inf.
1011 1695 1055 1730 ad
1077 1693 1152 1736 XI,
1186 1698 1272 1744 875.
1320 1704 1386 1743 pu-

759 1756 856 1787 trem,
884 1744 923 1781 in
956 1745 1137 1794 pulverem
1174 1745 1384 1789 resolutum,

760 1805 799 1831 ut
815 1796 854 1831 fit
871 1795 910 1831 in
928 1794 1001 1832 solo
1018 1796 1110 1832 duro
1125 1809 1167 1832 ac
1186 1796 1303 1833 solido
1322 1808 1383 1845 per

759 1846 877 1883 aestum
893 1845 974 1882 solis
991 1846 1038 1882 cf.
1058 1846 1104 1883 ad
1124 1846 1196 1883 Ge.
1213 1847 1268 1891 H,
1295 1860 1383 1895 204.

764 1910 852 1947 597.
907 1898 1079 1935 Caeritis:
1134 1898 1252 1942 Caere,
1301 1898 1385 1935 urbs

761 1949 915 1997 Agylla,
959 1959 995 1986 et
1025 1949 1089 1999 qui
1124 1962 1201 1986 earn
1237 1950 1384 1992 incolit,

761 2000 900 2036 Caeres:
931 2001 1025 2037 unde
1036 2001 1112 2051 post
1130 2001 1247 2051 accipi
1267 2002 1384 2039 Caeri-

762 2057 802 2088 υἷε
839 2051 935 2089 urbis
966 2061 1002 2089 et
1033 2053 1172 2090 Caerilis
1207 2053 1382 2091 fluminis.

762 2101 885 2139 Minio
914 2116 1096 2154 perperam
1116 2117 1135 2140 a
1152 2104 1279 2141 Servio
1310 2104 1381 2141 huc

759 2155 956 2191 advocatur
987 2168 1030 2191 ex
1063 2155 1118 2199 X,
1156 2160 1239 2204 183.
1295 2155 1383 2193 Flu-

759 2206 836 2242 vius
879 2207 925 2243 est
969 2206 1189 2251 Caeretanus,
1243 2208 1382 2258 oppido

759 2257 956 2307 proximus,
997 2271 1092 2296 nunc
1136 2260 1268 2296 Vacina
1301 2259 1382 2296 dic-

762 2318 830 2353 tus,
859 2319 897 2345 ut
924 2309 1119 2346 Cluverius
1146 2310 1266 2348 docet.
1321 2311 1380 2349 Si-

763 2368 837 2396 tum
857 2369 974 2397 autem
993 2362 1154 2398 locorum
1173 2361 1381 2411 hujusmodi

761 2412 827 2448 effe
867 2412 1095 2461 putabimus:
1147 2413 1274 2451 defluit
1316 2427 1379 2464 per

758 2474 880 2512 agros,
906 2463 993 2500 urbe
1012 2463 1050 2500 in
1068 2464 1142 2501 alto
1158 2464 1284 2514 posita,
1304 2477 1380 2501 am-

758 2514 829 2557 nis,
857 2514 917 2552 cui
946 2515 1046 2552 lucus
1076 2516 1243 2565 adjacet3
1271 2529 1380 2565 agro-

760 2578 838 2602 rurn
871 2566 1058 2616 planitiem
1094 2580 1177 2604 cum
1212 2580 1314 2603 amne
1342 2576 1380 2603 et

759 2617 841 2653 luco
860 2617 1017 2667 undique
1029 2617 1181 2668 cingunt
1196 2618 1304 2654 colles
1318 2631 1378 2655 ne-

761 2669 904 2713 morofi,
922 2668 1100 2705 abietibus
1129 2669 1278 2706 consiti:
1309 2670 1378 2707 hoe

757 2719 805 2755 est
830 2720 921 2757 colles
948 2727 1033 2758 cavi
1058 2720 1210 2770 inclusere
1245 2721 1379 2769 (inclu-

758 2770 863 2819 dunt)
892 2782 923 2808 et
941 2786 1051 2808 nemus
1071 2778 1171 2823 nigra
1187 2770 1293 2808 abiete
1310 2779 1379 2810 cin-

753 2835 842 2873 gunt
861 2833 941 2873 (pro
958 2821 1090 2872 cingit)
1105 2825 1244 2874 undique
1257 2823 1380 2861 lucum

759 2886 868 2925 prope
883 2886 1038 2912 amnem.
1059 2872 1179 2911 Etiam
1194 2874 1378 2926 Lycophr.

1285 2937 1375 2976 1241
