<?xml version="1.0" encoding="UTF-8"?>
<!DOCTYPE html PUBLIC "-//W3C//DTD XHTML 1.0 Transitional//EN"
    "http://www.w3.org/TR/xhtml1/DTD/xhtml1-transitional.dtd">
<html xmlns="http://www.w3.org/1999/xhtml" xml:lang="en" lang="en">
 <head>
  <title>
</title>
<meta http-equiv="Content-Type" content="text/html;charset=utf-8" />
  <meta name='ocr-system' content='tesseract 3.04.00' />
  <meta name='ocr-capabilities' content='ocr_page ocr_carea ocr_par ocr_line ocrx_word'/>
</head>
<body>
  <div class='ocr_page' id='page_1' title='image "./operavarietatele03virguoft/operavarietatele03virguoft_0431.png"; bbox 0 0 1847 3313; ppageno 0'>
   <div class='ocr_carea' id='block_1_1' title="bbox 400 255 1412 318">
    <p class='ocr_par' dir='ltr' id='par_1_1' title="bbox 400 255 1412 318">
     <span class='ocr_line' id='line_1_1' title="bbox 400 255 1412 318; baseline -0.012 -5"><span class='ocrx_word' id='word_1_1' title='bbox 400 260 803 318; x_wconf 81' lang='lat' dir='ltr'>AENEIDOS,</span> <span class='ocrx_word' id='word_1_2' title='bbox 859 256 1005 306; x_wconf 86' lang='lat' dir='ltr'>LIB.</span> <span class='ocrx_word' id='word_1_3' title='bbox 1063 255 1129 305; x_wconf 82' lang='lat' dir='ltr'><strong>X.</strong></span> <span class='ocrx_word' id='word_1_4' title='bbox 1318 270 1412 317; x_wconf 78' lang='lat'><strong>413</strong></span> 
     </span>
    </p>
   </div>
   <div class='ocr_carea' id='block_1_2' title="bbox 108 391 1412 548">
    <p class='ocr_par' dir='ltr' id='par_1_2' title="bbox 108 391 1412 548">
     <span class='ocr_line' id='line_1_2' title="bbox 108 391 1315 462; baseline -0.012 -16"><span class='ocrx_word' id='word_1_5' title='bbox 108 397 346 462; x_wconf 74' lang='lat' dir='ltr'><strong>Rupimus</strong></span> <span class='ocrx_word' id='word_1_6' title='bbox 370 395 534 441; x_wconf 83' lang='lat' dir='ltr'><strong>invitae</strong></span> <span class='ocrx_word' id='word_1_7' title='bbox 560 406 639 440; x_wconf 85' lang='lat' dir='ltr'><strong>tua</strong></span> <span class='ocrx_word' id='word_1_8' title='bbox 663 391 862 446; x_wconf 85' lang='lat' dir='ltr'><strong>vincula,</strong></span> <span class='ocrx_word' id='word_1_9' title='bbox 887 402 1025 451; x_wconf 89' lang='lat' dir='ltr'><strong>teque</strong></span> <span class='ocrx_word' id='word_1_10' title='bbox 1046 404 1130 450; x_wconf 88' lang='lat' dir='ltr'><strong>per</strong></span> <span class='ocrx_word' id='word_1_11' title='bbox 1153 403 1315 449; x_wconf 72' lang='lat' dir='ltr'><strong>aequor</strong></span> 
     </span>
     <span class='ocr_line' id='line_1_3' title="bbox 109 477 1412 548; baseline -0.005 -19"><span class='ocrx_word' id='word_1_12' title='bbox 109 483 399 548; x_wconf 81' lang='lat' dir='ltr'><strong>QaerimuS.</strong></span> <span class='ocrx_word' id='word_1_13' title='bbox 441 483 577 527; x_wconf 83' lang='lat' dir='ltr'>Hanc</span> <span class='ocrx_word' id='word_1_14' title='bbox 592 478 806 542; x_wconf 82' lang='lat' dir='ltr'>genetrix</span> <span class='ocrx_word' id='word_1_15' title='bbox 824 477 994 524; x_wconf 81' lang='lat' dir='ltr'><strong>faciem</strong></span> <span class='ocrx_word' id='word_1_16' title='bbox 1005 477 1218 523; x_wconf 82' lang='lat' dir='ltr'><strong>miserata</strong></span> <span class='ocrx_word' id='word_1_17' title='bbox 1231 477 1412 535; x_wconf 80' lang='lat' dir='ltr'>refecit,</span> 
     </span>
    </p>
   </div>
   <div class='ocr_carea' id='block_1_3' title="bbox 108 566 1407 908">
    <p class='ocr_par' dir='ltr' id='par_1_3' title="bbox 108 566 1407 727">
     <span class='ocr_line' id='line_1_4' title="bbox 108 566 1407 629; baseline -0.007 -8"><span class='ocrx_word' id='word_1_18' title='bbox 108 573 174 621; x_wconf 81' lang='lat' dir='ltr'><strong>Et</strong></span> <span class='ocrx_word' id='word_1_19' title='bbox 190 570 320 617; x_wconf 84' lang='lat' dir='ltr'>dedit</span> <span class='ocrx_word' id='word_1_20' title='bbox 334 568 421 614; x_wconf 83' lang='lat' dir='ltr'><strong>effe</strong></span> <span class='ocrx_word' id='word_1_21' title='bbox 435 568 558 624; x_wconf 61' lang='lat' dir='ltr'><strong>deam,</strong></span> <span class='ocrx_word' id='word_1_22' title='bbox 579 583 831 629; x_wconf 85' lang='lat' dir='ltr'><strong>aevumque</strong></span> <span class='ocrx_word' id='word_1_23' title='bbox 844 567 1021 628; x_wconf 82' lang='lat' dir='ltr'><strong>agitare</strong></span> <span class='ocrx_word' id='word_1_24' title='bbox 1039 566 1120 612; x_wconf 89' lang='lat' dir='ltr'><strong>sub</strong></span> <span class='ocrx_word' id='word_1_25' title='bbox 1140 567 1292 614; x_wconf 79' lang='lat' dir='ltr'><strong>undis,</strong></span> <span class='ocrx_word' id='word_1_26' title='bbox 1319 581 1407 628; x_wconf 80' lang='lat'><strong>235</strong></span> 
     </span>
     <span class='ocr_line' id='line_1_5' title="bbox 108 661 1160 727; baseline -0.007 -14"><span class='ocrx_word' id='word_1_27' title='bbox 108 668 176 713; x_wconf 88' lang='lat' dir='ltr'><strong>At</strong></span> <span class='ocrx_word' id='word_1_28' title='bbox 199 681 314 727; x_wconf 84' lang='lat' dir='ltr'><strong>puer</strong></span> <span class='ocrx_word' id='word_1_29' title='bbox 333 662 557 708; x_wconf 80' lang='lat' dir='ltr'><strong>Ascanius</strong></span> <span class='ocrx_word' id='word_1_30' title='bbox 581 677 718 707; x_wconf 86' lang='lat' dir='ltr'><strong>muro</strong></span> <span class='ocrx_word' id='word_1_31' title='bbox 742 661 952 722; x_wconf 74' lang='lat' dir='ltr'><strong>fossisque</strong></span> <span class='ocrx_word' id='word_1_32' title='bbox 977 673 1160 707; x_wconf 85' lang='lat' dir='ltr'><strong>tenetur</strong></span> 
     </span>
    </p>

    <p class='ocr_par' dir='ltr' id='par_1_4' title="bbox 109 748 1378 908">
     <span class='ocr_line' id='line_1_6' title="bbox 109 748 1378 812; baseline -0.002 -14"><span class='ocrx_word' id='word_1_33' title='bbox 109 751 228 798; x_wconf 84' lang='lat' dir='ltr'><strong>Tela</strong></span> <span class='ocrx_word' id='word_1_34' title='bbox 252 752 374 798; x_wconf 86' lang='lat' dir='ltr'><strong>inter</strong></span> <span class='ocrx_word' id='word_1_35' title='bbox 398 750 553 797; x_wconf 78' lang='lat' dir='ltr'><strong>media</strong></span> <span class='ocrx_word' id='word_1_36' title='bbox 576 762 715 812; x_wconf 84' lang='lat' dir='ltr'><strong>atque</strong></span> <span class='ocrx_word' id='word_1_37' title='bbox 739 749 969 795; x_wconf 87' lang='lat' dir='ltr'><strong>horrentis</strong></span> <span class='ocrx_word' id='word_1_38' title='bbox 989 750 1146 796; x_wconf 80' lang='lat' dir='ltr'><strong>Marte</strong></span> <span class='ocrx_word' id='word_1_39' title='bbox 1167 748 1378 795; x_wconf 79' lang='lat' dir='ltr'><strong>LatinOS.</strong></span> 
     </span>
     <span class='ocr_line' id='line_1_7' title="bbox 110 841 1314 908; baseline -0.002 -16"><span class='ocrx_word' id='word_1_40' title='bbox 110 847 217 908; x_wconf 75' lang='lat' dir='ltr'><strong>jam</strong></span> <span class='ocrx_word' id='word_1_41' title='bbox 241 846 344 892; x_wconf 89' lang='lat' dir='ltr'><strong>loca</strong></span> <span class='ocrx_word' id='word_1_42' title='bbox 360 844 482 907; x_wconf 61' lang='lat' dir='ltr'><strong>justit</strong></span> <span class='ocrx_word' id='word_1_43' title='bbox 507 854 666 889; x_wconf 88' lang='lat' dir='ltr'><strong>tenent</strong></span> <span class='ocrx_word' id='word_1_44' title='bbox 697 841 806 888; x_wconf 87' lang='lat' dir='ltr'><strong>forti</strong></span> <span class='ocrx_word' id='word_1_45' title='bbox 830 841 1089 904; x_wconf 85' lang='lat' dir='ltr'><strong>permixtus</strong></span> <span class='ocrx_word' id='word_1_46' title='bbox 1115 843 1314 890; x_wconf 83' lang='lat' dir='ltr'><strong>Etrusco</strong></span> 
     </span>
    </p>
   </div>
   <div class='ocr_carea' id='block_1_4' title="bbox 108 931 1301 997">
    <p class='ocr_par' dir='ltr' id='par_1_5' title="bbox 108 931 1301 997">
     <span class='ocr_line' id='line_1_8' title="bbox 108 931 1301 997; baseline -0.004 -14"><span class='ocrx_word' id='word_1_47' title='bbox 108 938 254 983; x_wconf 82' lang='lat' dir='ltr'><strong>Arcas</strong></span> <span class='ocrx_word' id='word_1_48' title='bbox 280 950 435 997; x_wconf 81' lang='lat' dir='ltr'><strong>eques.</strong></span> <span class='ocrx_word' id='word_1_49' title='bbox 518 932 703 979; x_wconf 84' lang='lat' dir='ltr'><strong>Medias</strong></span> <span class='ocrx_word' id='word_1_50' title='bbox 729 931 822 979; x_wconf 87' lang='lat' dir='ltr'><strong>illis</strong></span> <span class='ocrx_word' id='word_1_51' title='bbox 845 947 1085 994; x_wconf 87' lang='lat' dir='ltr'><strong>opponere</strong></span> <span class='ocrx_word' id='word_1_52' title='bbox 1109 943 1301 989; x_wconf 80' lang='lat' dir='ltr'><strong>turmaS,</strong></span> 
     </span>
    </p>
   </div>
   <div class='ocr_carea' id='block_1_5' title="bbox 103 1064 1410 1263">
    <p class='ocr_par' dir='ltr' id='par_1_6' title="bbox 103 1064 1410 1263">
     <span class='ocr_line' id='line_1_9' title="bbox 149 1064 1408 1111; baseline -0.003 -11"><span class='ocrx_word' id='word_1_53' title='bbox 149 1077 222 1107; x_wconf 84' lang='lat'><strong>233.</strong></span> <span class='ocrx_word' id='word_1_54' title='bbox 261 1070 398 1111; x_wconf 71' lang='lat' dir='ltr'><strong>Rupimus</strong></span> <span class='ocrx_word' id='word_1_55' title='bbox 430 1066 540 1097; x_wconf 84' lang='lat' dir='ltr'><strong>Heins.</strong></span> <span class='ocrx_word' id='word_1_56' title='bbox 571 1064 688 1107; x_wconf 76' lang='lat' dir='ltr'><strong>scripsit</strong></span> <span class='ocrx_word' id='word_1_57' title='bbox 719 1075 791 1096; x_wconf 90' lang='lat' dir='ltr'><strong>cum</strong></span> <span class='ocrx_word' id='word_1_58' title='bbox 814 1064 1048 1101; x_wconf 83' lang='lat' dir='ltr'><strong>vetustioribus,</strong></span> <span class='ocrx_word' id='word_1_59' title='bbox 1076 1064 1173 1095; x_wconf 87' lang='lat' dir='ltr'><strong>etiam</strong></span> <span class='ocrx_word' id='word_1_60' title='bbox 1205 1064 1290 1095; x_wconf 82' lang='lat' dir='ltr'><strong>Pier.</strong></span> <span class='ocrx_word' id='word_1_61' title='bbox 1316 1064 1408 1096; x_wconf 80' lang='lat' dir='ltr'>codd.</span> 
     </span>
     <span class='ocr_line' id='line_1_10' title="bbox 103 1115 1405 1160; baseline -0.002 -12"><span class='ocrx_word' id='word_1_62' title='bbox 103 1126 205 1160; x_wconf 69' lang='lat' dir='ltr'><strong>parte.</strong></span> <span class='ocrx_word' id='word_1_63' title='bbox 252 1119 317 1148; x_wconf 88' lang='lat' dir='ltr'><strong>Alii</strong></span> <span class='ocrx_word' id='word_1_64' title='bbox 338 1120 511 1160; x_wconf 83' lang='lat' dir='ltr'><em>Rumpimus.</em></span> <span class='ocrx_word' id='word_1_65' title='bbox 603 1125 675 1155; x_wconf 85' lang='lat'>237-</span> <span class='ocrx_word' id='word_1_66' title='bbox 697 1117 748 1157; x_wconf 88' lang='lat' dir='ltr'><strong>Jo.</strong></span> <span class='ocrx_word' id='word_1_67' title='bbox 781 1115 946 1147; x_wconf 84' lang='lat' dir='ltr'><strong>Schrader.</strong></span> <span class='ocrx_word' id='word_1_68' title='bbox 973 1116 1055 1157; x_wconf 89' lang='lat' dir='ltr'><strong>conj.</strong></span> <span class='ocrx_word' id='word_1_69' title='bbox 1083 1117 1211 1147; x_wconf 73' lang='lat' dir='ltr'><strong>ardentes</strong></span> <span class='ocrx_word' id='word_1_70' title='bbox 1237 1117 1342 1146; x_wconf 80' lang='lat' dir='ltr'><em>Marte</em></span> <span class='ocrx_word' id='word_1_71' title='bbox 1366 1118 1405 1146; x_wconf 84' lang='lat' dir='ltr'><strong>L.</strong></span> 
     </span>
     <span class='ocr_line' id='line_1_11' title="bbox 104 1160 1410 1210; baseline -0.003 -8"><span class='ocrx_word' id='word_1_72' title='bbox 104 1175 151 1202; x_wconf 90' lang='lat' dir='ltr'><strong>At</strong></span> <span class='ocrx_word' id='word_1_73' title='bbox 174 1171 238 1201; x_wconf 82' lang='lat' dir='ltr'><strong>vid.</strong></span> <span class='ocrx_word' id='word_1_74' title='bbox 255 1171 331 1200; x_wconf 82' lang='lat' dir='ltr'><strong>Not.</strong></span> <span class='ocrx_word' id='word_1_75' title='bbox 420 1169 494 1208; x_wconf 81' lang='lat'><strong>238.</strong></span> <span class='ocrx_word' id='word_1_76' title='bbox 520 1170 749 1200; x_wconf 70' lang='lat' dir='ltr'><em>tenent—Arcas</em></span> <span class='ocrx_word' id='word_1_77' title='bbox 765 1179 844 1210; x_wconf 78' lang='lat' dir='ltr'><strong>eques</strong></span> <span class='ocrx_word' id='word_1_78' title='bbox 862 1160 883 1199; x_wconf 18' lang='lat' dir='ltr'><strong>er</strong></span> <span class='ocrx_word' id='word_1_79' title='bbox 895 1167 1012 1209; x_wconf 83' lang='lat' dir='ltr'><strong>Medic.</strong></span> <span class='ocrx_word' id='word_1_80' title='bbox 1044 1167 1151 1198; x_wconf 79' lang='lat' dir='ltr'><strong>Heius.</strong></span> <span class='ocrx_word' id='word_1_81' title='bbox 1176 1176 1208 1199; x_wconf 79' lang='lat' dir='ltr'><strong>et</strong></span> <span class='ocrx_word' id='word_1_82' title='bbox 1232 1168 1294 1199; x_wconf 81' lang='lat' dir='ltr'><strong>late</strong></span> <span class='ocrx_word' id='word_1_83' title='bbox 1323 1168 1410 1199; x_wconf 79' lang='lat' dir='ltr'><strong>illus·</strong></span> 
     </span>
     <span class='ocr_line' id='line_1_12' title="bbox 256 1219 810 1263; baseline -0.005 -10"><span class='ocrx_word' id='word_1_84' title='bbox 256 1221 364 1263; x_wconf 85' lang='lat' dir='ltr'>Vulgo</span> <span class='ocrx_word' id='word_1_85' title='bbox 381 1230 462 1252; x_wconf 69' lang='lat' dir='ltr'><em>tenet.</em></span> <span class='ocrx_word' id='word_1_86' title='bbox 507 1220 652 1262; x_wconf 49' lang='lat' dir='ltr'><strong>commistus</strong></span> <span class='ocrx_word' id='word_1_87' title='bbox 666 1219 743 1251; x_wconf 91' lang='lat' dir='ltr'><strong>Ald.</strong></span> <span class='ocrx_word' id='word_1_88' title='bbox 761 1229 810 1261; x_wconf 84' lang='lat' dir='ltr'><strong>pr.</strong></span> 
     </span>
    </p>
   </div>
   <div class='ocr_carea' id='block_1_6' title="bbox 516 1134 599 1139">
    <p class='ocr_par' dir='ltr' id='par_1_7' title="bbox 516 1134 599 1139">
     <span class='ocr_line' id='line_1_13' title="bbox 516 1134 599 1139; baseline 0 0"><span class='ocrx_word' id='word_1_89' title='bbox 516 1134 599 1139; x_wconf 95' lang='lat' dir='ltr'><strong> </strong></span> 
     </span>
    </p>
   </div>
   <div class='ocr_carea' id='block_1_7' title="bbox 335 1188 415 1193">
    <p class='ocr_par' dir='ltr' id='par_1_8' title="bbox 335 1188 415 1193">
     <span class='ocr_line' id='line_1_14' title="bbox 335 1188 415 1193; baseline 0 0"><span class='ocrx_word' id='word_1_90' title='bbox 335 1188 415 1193; x_wconf 95' lang='lat' dir='ltr'><strong> </strong></span> 
     </span>
    </p>
   </div>
   <div class='ocr_carea' id='block_1_8' title="bbox 103 1223 211 1256">
    <p class='ocr_par' dir='ltr' id='par_1_9' title="bbox 103 1223 211 1256">
     <span class='ocr_line' id='line_1_15' title="bbox 103 1223 211 1256; baseline -0.028 0"><span class='ocrx_word' id='word_1_91' title='bbox 103 1223 211 1256; x_wconf 74' lang='lat' dir='ltr'><strong>travit.</strong></span> 
     </span>
    </p>
   </div>
   <div class='ocr_carea' id='block_1_9' title="bbox 91 1329 1407 1586">
    <p class='ocr_par' dir='ltr' id='par_1_10' title="bbox 91 1329 1407 1586">
     <span class='ocr_line' id='line_1_16' title="bbox 104 1329 1403 1380; baseline 0.001 -13"><span class='ocrx_word' id='word_1_92' title='bbox 104 1344 171 1368; x_wconf 88' lang='lat' dir='ltr'><strong>nos</strong></span> <span class='ocrx_word' id='word_1_93' title='bbox 203 1332 241 1367; x_wconf 86' lang='lat' dir='ltr'><strong>T</strong></span> <span class='ocrx_word' id='word_1_94' title='bbox 244 1330 453 1380; x_wconf 82' lang='lat' dir='ltr'><strong>rojanosque</strong></span> <span class='ocrx_word' id='word_1_95' title='bbox 476 1329 570 1367; x_wconf 51' lang='lat' dir='ltr'><strong>fauo</strong></span> <span class='ocrx_word' id='word_1_96' title='bbox 588 1330 721 1367; x_wconf 89' lang='lat' dir='ltr'><strong>bellum</strong></span> <span class='ocrx_word' id='word_1_97' title='bbox 787 1330 851 1373; x_wconf 84' lang='lat' dir='ltr'><strong>tia,</strong></span> <span class='ocrx_word' id='word_1_98' title='bbox 865 1330 975 1367; x_wconf 78' lang='lat' dir='ltr'>hastas</span> <span class='ocrx_word' id='word_1_99' title='bbox 987 1329 1128 1367; x_wconf 81' lang='lat' dir='ltr'><strong>crebras</strong></span> <span class='ocrx_word' id='word_1_100' title='bbox 1140 1331 1295 1367; x_wconf 53' lang='lat' dir='ltr'><strong>etesias:</strong></span> <span class='ocrx_word' id='word_1_101' title='bbox 1316 1331 1403 1368; x_wconf 85' lang='lat' dir='ltr'><strong>dum</strong></span> 
     </span>
     <span class='ocr_line' id='line_1_17' title="bbox 105 1381 1407 1433; baseline 0 -13"><span class='ocrx_word' id='word_1_102' title='bbox 105 1393 275 1420; x_wconf 80' lang='lat' dir='ltr'><strong>moverat.</strong></span> <span class='ocrx_word' id='word_1_103' title='bbox 332 1396 418 1430; x_wconf 84' lang='lat'><strong>234.</strong></span> <span class='ocrx_word' id='word_1_104' title='bbox 447 1384 546 1419; x_wconf 77' lang='lat' dir='ltr'><em>Hanc</em></span> <span class='ocrx_word' id='word_1_105' title='bbox 567 1387 722 1433; x_wconf 79' lang='lat' dir='ltr'><em>genetrix</em></span> <span class='ocrx_word' id='word_1_106' title='bbox 785 1382 873 1417; x_wconf 82' lang='lat' dir='ltr'>stant</span> <span class='ocrx_word' id='word_1_107' title='bbox 902 1381 940 1418; x_wconf 88' lang='lat' dir='ltr'><strong>in</strong></span> <span class='ocrx_word' id='word_1_108' title='bbox 969 1381 1046 1418; x_wconf 82' lang='lat' dir='ltr'><strong>acie</strong></span> <span class='ocrx_word' id='word_1_109' title='bbox 1079 1381 1189 1418; x_wconf 83' lang='lat' dir='ltr'><strong>denfis</strong></span> <span class='ocrx_word' id='word_1_110' title='bbox 1217 1382 1407 1420; x_wconf 82' lang='lat' dir='ltr'>ordinibus</span> 
     </span>
     <span class='ocr_line' id='line_1_18' title="bbox 91 1432 1406 1485; baseline 0 -14"><span class='ocrx_word' id='word_1_111' title='bbox 91 1439 222 1485; x_wconf 78' lang='lat' dir='ltr'><em>faciem</em></span> <span class='ocrx_word' id='word_1_112' title='bbox 254 1437 380 1484; x_wconf 65' lang='lat' dir='ltr'><em>reficit,</em></span> <span class='ocrx_word' id='word_1_113' title='bbox 413 1433 514 1476; x_wconf 80' lang='lat' dir='ltr'><strong>fecit,</strong></span> <span class='ocrx_word' id='word_1_114' title='bbox 544 1432 719 1470; x_wconf 82' lang='lat' dir='ltr'><strong>mutavit:</strong></span> <span class='ocrx_word' id='word_1_115' title='bbox 785 1442 820 1468; x_wconf 93' lang='lat' dir='ltr'><strong>et</strong></span> <span class='ocrx_word' id='word_1_116' title='bbox 839 1444 1015 1483; x_wconf 81' lang='lat' dir='ltr'><strong>pugnant.</strong></span> <span class='ocrx_word' id='word_1_117' title='bbox 1070 1432 1124 1468; x_wconf 90' lang='lat' dir='ltr'><strong>Ut</strong></span> <span class='ocrx_word' id='word_1_118' title='bbox 1148 1434 1350 1470; x_wconf 84' lang='lat' dir='ltr'><strong>Ennianum</strong></span> <span class='ocrx_word' id='word_1_119' title='bbox 1371 1435 1406 1471; x_wconf 86' lang='lat' dir='ltr'><strong>se</strong></span> 
     </span>
     <span class='ocr_line' id='line_1_19' title="bbox 104 1483 1406 1535; baseline 0.001 -13"><span class='ocrx_word' id='word_1_120' title='bbox 104 1486 196 1522; x_wconf 79' lang='lat' dir='ltr'><strong>nihil</strong></span> <span class='ocrx_word' id='word_1_121' title='bbox 215 1485 380 1535; x_wconf 78' lang='lat' dir='ltr'><strong>amplius.</strong></span> <span class='ocrx_word' id='word_1_122' title='bbox 432 1486 532 1526; x_wconf 53' lang='lat' dir='ltr'><em>AEdzr,</em></span> <span class='ocrx_word' id='word_1_123' title='bbox 562 1483 649 1522; x_wconf 83' lang='lat' dir='ltr'><strong>fecit</strong></span> <span class='ocrx_word' id='word_1_124' title='bbox 667 1493 721 1528; x_wconf 88' lang='lat' dir='ltr'><strong>ut,</strong></span> <span class='ocrx_word' id='word_1_125' title='bbox 784 1484 916 1520; x_wconf 83' lang='lat' dir='ltr'><strong>habet:</strong></span> <span class='ocrx_word' id='word_1_126' title='bbox 952 1486 1118 1533; x_wconf 75' lang='lat' dir='ltr'><em>Horrescit</em></span> <span class='ocrx_word' id='word_1_127' title='bbox 1148 1485 1220 1521; x_wconf 78' lang='lat' dir='ltr'><strong>telis</strong></span> <span class='ocrx_word' id='word_1_128' title='bbox 1248 1490 1406 1523; x_wconf 79' lang='lat' dir='ltr'><em>exercitus</em></span> 
     </span>
     <span class='ocr_line' id='line_1_20' title="bbox 101 1534 1404 1586; baseline 0 -12"><span class='ocrx_word' id='word_1_129' title='bbox 101 1538 198 1575; x_wconf 70' lang='grc' dir='ltr'><em>ἔδωκε</em></span> <span class='ocrx_word' id='word_1_130' title='bbox 235 1538 400 1579; x_wconf 66' lang='lat' dir='ltr'><strong>Homer„</strong></span> <span class='ocrx_word' id='word_1_131' title='bbox 445 1546 484 1572; x_wconf 89' lang='lat' dir='ltr'><strong>ut</strong></span> <span class='ocrx_word' id='word_1_132' title='bbox 520 1535 595 1584; x_wconf 86' lang='lat' dir='ltr'><strong>jam</strong></span> <span class='ocrx_word' id='word_1_133' title='bbox 632 1534 721 1572; x_wconf 84' lang='lat' dir='ltr'><strong>alibi</strong></span> <span class='ocrx_word' id='word_1_134' title='bbox 782 1540 880 1584; x_wconf 77' lang='lat' dir='ltr'><em>asper</em></span> <span class='ocrx_word' id='word_1_135' title='bbox 913 1542 1077 1586; x_wconf 76' lang='lat' dir='ltr'><em>utrinque.</em></span> <span class='ocrx_word' id='word_1_136' title='bbox 1132 1536 1252 1573; x_wconf 83' lang='lat' dir='ltr'>Aliter</span> <span class='ocrx_word' id='word_1_137' title='bbox 1282 1536 1404 1576; x_wconf 77' lang='lat' dir='ltr'><strong>Valet.</strong></span> 
     </span>
    </p>
   </div>
   <div class='ocr_carea' id='block_1_10' title="bbox 94 1587 721 2868">
    <p class='ocr_par' dir='ltr' id='par_1_11' title="bbox 94 1587 721 2868">
     <span class='ocr_line' id='line_1_21' title="bbox 102 1587 721 1637; baseline -0.003 -12"><span class='ocrx_word' id='word_1_138' title='bbox 102 1589 274 1626; x_wconf 79' lang='lat' dir='ltr'><strong>vidimUS.</strong></span> <span class='ocrx_word' id='word_1_139' title='bbox 321 1600 407 1637; x_wconf 78' lang='lat'><strong>237.</strong></span> <span class='ocrx_word' id='word_1_140' title='bbox 427 1587 588 1624; x_wconf 73' lang='lat' dir='ltr'><em>horrentes</em></span> <span class='ocrx_word' id='word_1_141' title='bbox 601 1587 721 1624; x_wconf 82' lang='lat' dir='ltr'><em>Marte</em></span> 
     </span>
     <span class='ocr_line' id='line_1_22' title="bbox 102 1637 718 1687; baseline -0.006 -10"><span class='ocrx_word' id='word_1_142' title='bbox 102 1642 239 1677; x_wconf 80' lang='lat' dir='ltr'><em>Latinos</em></span> <span class='ocrx_word' id='word_1_143' title='bbox 253 1655 263 1684; x_wconf 95' lang='lat'>;</span> <span class='ocrx_word' id='word_1_144' title='bbox 291 1648 394 1674; x_wconf 90' lang='lat' dir='ltr'><strong>erunt</strong></span> <span class='ocrx_word' id='word_1_145' title='bbox 406 1638 518 1687; x_wconf 85' lang='lat' dir='ltr'><strong>igitur</strong></span> <span class='ocrx_word' id='word_1_146' title='bbox 536 1637 718 1680; x_wconf 90' lang='lat' dir='ltr'><strong>horrendi,</strong></span> 
     </span>
     <span class='ocr_line' id='line_1_23' title="bbox 100 1689 716 1741; baseline -0.005 -13"><span class='ocrx_word' id='word_1_147' title='bbox 100 1691 165 1741; x_wconf 85' lang='lat' dir='ltr'><strong>qui</strong></span> <span class='ocrx_word' id='word_1_148' title='bbox 200 1691 385 1727; x_wconf 88' lang='lat' dir='ltr'><strong>horrorem</strong></span> <span class='ocrx_word' id='word_1_149' title='bbox 416 1689 566 1734; x_wconf 83' lang='lat' dir='ltr'><strong>faciunt,</strong></span> <span class='ocrx_word' id='word_1_150' title='bbox 606 1689 716 1733; x_wconf 82' lang='lat' dir='ltr'><strong>bello,</strong></span> 
     </span>
     <span class='ocr_line' id='line_1_24' title="bbox 101 1740 720 1793; baseline -0.003 -15"><span class='ocrx_word' id='word_1_151' title='bbox 101 1755 242 1793; x_wconf 75' lang='lat' dir='ltr'><strong>pugna3</strong></span> <span class='ocrx_word' id='word_1_152' title='bbox 286 1741 387 1790; x_wconf 89' lang='lat' dir='ltr'><strong>cujus</strong></span> <span class='ocrx_word' id='word_1_153' title='bbox 420 1740 631 1790; x_wconf 73' lang='lat' dir='ltr'><strong>significatus</strong></span> <span class='ocrx_word' id='word_1_154' title='bbox 664 1753 720 1777; x_wconf 86' lang='lat' dir='ltr'><strong>me</strong></span> 
     </span>
     <span class='ocr_line' id='line_1_25' title="bbox 99 1791 718 1843; baseline -0.003 -13"><span class='ocrx_word' id='word_1_155' title='bbox 99 1794 302 1843; x_wconf 83' lang='lat' dir='ltr'><strong>exemplum</strong></span> <span class='ocrx_word' id='word_1_156' title='bbox 334 1792 370 1828; x_wconf 89' lang='lat' dir='ltr'><strong>in</strong></span> <span class='ocrx_word' id='word_1_157' title='bbox 401 1791 555 1828; x_wconf 82' lang='lat' dir='ltr'>Marone</span> <span class='ocrx_word' id='word_1_158' title='bbox 581 1792 718 1828; x_wconf 85' lang='lat' dir='ltr'><strong>defide-</strong></span> 
     </span>
     <span class='ocr_line' id='line_1_26' title="bbox 101 1843 718 1894; baseline -0.003 -13"><span class='ocrx_word' id='word_1_159' title='bbox 101 1858 177 1882; x_wconf 80' lang='lat' dir='ltr'><strong>rare</strong></span> <span class='ocrx_word' id='word_1_160' title='bbox 204 1845 306 1894; x_wconf 82' lang='lat' dir='ltr'><strong>supra</strong></span> <span class='ocrx_word' id='word_1_161' title='bbox 324 1844 368 1879; x_wconf 77' lang='lat' dir='ltr'><strong>ad</strong></span> <span class='ocrx_word' id='word_1_162' title='bbox 386 1843 576 1880; x_wconf 83' lang='lat' dir='ltr'>exordium</span> <span class='ocrx_word' id='word_1_163' title='bbox 596 1843 718 1879; x_wconf 86' lang='lat' dir='ltr'><strong>AEnei-</strong></span> 
     </span>
     <span class='ocr_line' id='line_1_27' title="bbox 101 1893 717 1937; baseline -0.003 -5"><span class='ocrx_word' id='word_1_164' title='bbox 101 1896 158 1932; x_wconf 85' lang='lat' dir='ltr'><strong>dis</strong></span> <span class='ocrx_word' id='word_1_165' title='bbox 187 1896 286 1932; x_wconf 82' lang='lat' dir='ltr'>faffus</span> <span class='ocrx_word' id='word_1_166' title='bbox 313 1893 405 1937; x_wconf 89' lang='lat' dir='ltr'><strong>sum,</strong></span> <span class='ocrx_word' id='word_1_167' title='bbox 434 1908 517 1931; x_wconf 88' lang='lat' dir='ltr'><strong>cum</strong></span> <span class='ocrx_word' id='word_1_168' title='bbox 547 1895 717 1932; x_wconf 77' lang='lat' dir='ltr'><em>horrentia</em></span> 
     </span>
     <span class='ocr_line' id='line_1_28' title="bbox 100 1945 715 1996; baseline -0.005 -12"><span class='ocrx_word' id='word_1_169' title='bbox 100 1948 227 1984; x_wconf 84' lang='lat' dir='ltr'><em>Martis</em></span> <span class='ocrx_word' id='word_1_170' title='bbox 238 1962 335 1983; x_wconf 82' lang='lat' dir='ltr'><em>arma</em></span> <span class='ocrx_word' id='word_1_171' title='bbox 349 1945 578 1996; x_wconf 79' lang='lat' dir='ltr'><strong>explicarem.</strong></span> <span class='ocrx_word' id='word_1_172' title='bbox 634 1945 715 1982; x_wconf 86' lang='lat' dir='ltr'><strong>Pos-</strong></span> 
     </span>
     <span class='ocr_line' id='line_1_29' title="bbox 100 1996 715 2046; baseline -0.005 -10"><span class='ocrx_word' id='word_1_173' title='bbox 100 1999 143 2037; x_wconf 89' lang='lat' dir='ltr'><strong>fit</strong></span> <span class='ocrx_word' id='word_1_174' title='bbox 171 1998 305 2035; x_wconf 80' lang='lat' dir='ltr'><em>umbras</em></span> <span class='ocrx_word' id='word_1_175' title='bbox 333 1997 495 2034; x_wconf 77' lang='lat' dir='ltr'><strong>horrentes</strong></span> <span class='ocrx_word' id='word_1_176' title='bbox 522 1996 651 2046; x_wconf 76' lang='lat' dir='ltr'><strong>aliquis</strong></span> <span class='ocrx_word' id='word_1_177' title='bbox 668 1997 715 2033; x_wconf 83' lang='lat' dir='ltr'><strong>fic</strong></span> 
     </span>
     <span class='ocr_line' id='line_1_30' title="bbox 100 2048 712 2100; baseline -0.003 -13"><span class='ocrx_word' id='word_1_178' title='bbox 100 2050 262 2100; x_wconf 79' lang='lat' dir='ltr'><strong>accipere</strong></span> <span class='ocrx_word' id='word_1_179' title='bbox 291 2049 358 2086; x_wconf 90' lang='lat' dir='ltr'><strong>lib.</strong></span> <span class='ocrx_word' id='word_1_180' title='bbox 390 2048 424 2092; x_wconf 84' lang='lat'><strong>1,</strong></span> <span class='ocrx_word' id='word_1_181' title='bbox 460 2050 527 2099; x_wconf 79' lang='lat'><strong>165</strong></span> <span class='ocrx_word' id='word_1_182' title='bbox 558 2058 593 2084; x_wconf 87' lang='lat' dir='ltr'><strong>et</strong></span> <span class='ocrx_word' id='word_1_183' title='bbox 626 2061 712 2097; x_wconf 87' lang='lat'>311.</span> 
     </span>
     <span class='ocr_line' id='line_1_31' title="bbox 100 2098 714 2149; baseline -0.005 -11"><span class='ocrx_word' id='word_1_184' title='bbox 100 2101 172 2145; x_wconf 83' lang='grc' dir='ltr'><strong>ΙΙΙ,</strong></span> <span class='ocrx_word' id='word_1_185' title='bbox 186 2114 273 2149; x_wconf 81' lang='lat'>230,</span> <span class='ocrx_word' id='word_1_186' title='bbox 284 2113 406 2136; x_wconf 86' lang='lat' dir='ltr'><strong>verum</strong></span> <span class='ocrx_word' id='word_1_187' title='bbox 423 2099 557 2135; x_wconf 81' lang='lat' dir='ltr'><strong>umbrae</strong></span> <span class='ocrx_word' id='word_1_188' title='bbox 569 2098 647 2135; x_wconf 88' lang='lat' dir='ltr'><strong>sunt</strong></span> <span class='ocrx_word' id='word_1_189' title='bbox 661 2099 714 2135; x_wconf 88' lang='lat' dir='ltr'><strong>ibi</strong></span> 
     </span>
     <span class='ocr_line' id='line_1_32' title="bbox 99 2150 713 2203; baseline -0.005 -14"><span class='ocrx_word' id='word_1_190' title='bbox 99 2152 184 2203; x_wconf 79' lang='lat' dir='ltr'><strong>ipsae</strong></span> <span class='ocrx_word' id='word_1_191' title='bbox 197 2152 355 2194; x_wconf 81' lang='lat' dir='ltr'><strong>arbores,</strong></span> <span class='ocrx_word' id='word_1_192' title='bbox 368 2160 403 2186; x_wconf 88' lang='lat' dir='ltr'><strong>et</strong></span> <span class='ocrx_word' id='word_1_193' title='bbox 417 2151 462 2187; x_wconf 85' lang='lat' dir='ltr'><strong>fic</strong></span> <span class='ocrx_word' id='word_1_194' title='bbox 481 2150 713 2188; x_wconf 78' lang='lat' dir='ltr'><em>dumihorren-</em></span> 
     </span>
     <span class='ocr_line' id='line_1_33' title="bbox 98 2203 713 2250; baseline -0.005 -10"><span class='ocrx_word' id='word_1_195' title='bbox 98 2215 159 2248; x_wconf 69' lang='lat' dir='ltr'><strong>les,</strong></span> <span class='ocrx_word' id='word_1_196' title='bbox 177 2203 252 2240; x_wconf 77' lang='lat' dir='ltr'><em>rubi</em></span> <span class='ocrx_word' id='word_1_197' title='bbox 269 2204 446 2244; x_wconf 68' lang='lat' dir='ltr'><em>horrente-s,</em></span> <span class='ocrx_word' id='word_1_198' title='bbox 465 2203 632 2239; x_wconf 71' lang='lat' dir='ltr'><strong>horrentia</strong></span> <span class='ocrx_word' id='word_1_199' title='bbox 648 2203 713 2250; x_wconf 61' lang='lat' dir='ltr'><strong>lay2</strong></span> 
     </span>
     <span class='ocr_line' id='line_1_34' title="bbox 97 2253 715 2303; baseline -0.005 -11"><span class='ocrx_word' id='word_1_200' title='bbox 97 2267 154 2292; x_wconf 83' lang='lat' dir='ltr'><em>tra</em></span> <span class='ocrx_word' id='word_1_201' title='bbox 170 2254 266 2291; x_wconf 60' lang='lat' dir='ltr'><strong>dista</strong></span> <span class='ocrx_word' id='word_1_202' title='bbox 282 2254 376 2297; x_wconf 75' lang='lat' dir='ltr'><strong>sunt,</strong></span> <span class='ocrx_word' id='word_1_203' title='bbox 395 2263 565 2303; x_wconf 84' lang='lat' dir='ltr'><strong>quatenus</strong></span> <span class='ocrx_word' id='word_1_204' title='bbox 583 2253 715 2290; x_wconf 82' lang='lat' dir='ltr'><em>horrent</em></span> 
     </span>
     <span class='ocr_line' id='line_1_35' title="bbox 97 2304 714 2355; baseline -0.003 -13"><span class='ocrx_word' id='word_1_205' title='bbox 97 2306 234 2349; x_wconf 84' lang='lat' dir='ltr'><strong>omnia,</strong></span> <span class='ocrx_word' id='word_1_206' title='bbox 252 2319 332 2355; x_wconf 84' lang='lat' dir='ltr'><strong>quae</strong></span> <span class='ocrx_word' id='word_1_207' title='bbox 349 2305 569 2354; x_wconf 82' lang='lat' dir='ltr'><strong>superficiem</strong></span> <span class='ocrx_word' id='word_1_208' title='bbox 584 2304 714 2340; x_wconf 84' lang='lat' dir='ltr'><strong>habent</strong></span> 
     </span>
     <span class='ocr_line' id='line_1_36' title="bbox 97 2354 712 2408; baseline -0.003 -15"><span class='ocrx_word' id='word_1_209' title='bbox 97 2357 309 2408; x_wconf 80' lang='lat' dir='ltr'><strong>inaequalem</strong></span> <span class='ocrx_word' id='word_1_210' title='bbox 327 2366 361 2393; x_wconf 87' lang='lat' dir='ltr'><strong>et</strong></span> <span class='ocrx_word' id='word_1_211' title='bbox 392 2356 564 2405; x_wconf 82' lang='lat' dir='ltr'><strong>asperam.</strong></span> <span class='ocrx_word' id='word_1_212' title='bbox 617 2354 712 2407; x_wconf 81' lang='lat' dir='ltr'><strong>Qi-</strong></span> 
     </span>
     <span class='ocr_line' id='line_1_37' title="bbox 96 2406 711 2459; baseline -0.002 -14"><span class='ocrx_word' id='word_1_213' title='bbox 96 2408 162 2445; x_wconf 88' lang='lat' dir='ltr'><strong>bus</strong></span> <span class='ocrx_word' id='word_1_214' title='bbox 180 2418 408 2459; x_wconf 70' lang='lat' dir='ltr'><strong>opponuntur</strong></span> <span class='ocrx_word' id='word_1_215' title='bbox 425 2420 480 2451; x_wconf 83' lang='lat' dir='ltr'><strong>ea,</strong></span> <span class='ocrx_word' id='word_1_216' title='bbox 496 2420 574 2456; x_wconf 80' lang='lat' dir='ltr'><strong>quae</strong></span> <span class='ocrx_word' id='word_1_217' title='bbox 586 2406 711 2444; x_wconf 69' lang='lat' dir='ltr'><strong>nitent.</strong></span> 
     </span>
     <span class='ocr_line' id='line_1_38' title="bbox 96 2457 712 2508; baseline -0.005 -11"><span class='ocrx_word' id='word_1_218' title='bbox 96 2460 197 2497; x_wconf 90' lang='lat' dir='ltr'><strong>Hinc</strong></span> <span class='ocrx_word' id='word_1_219' title='bbox 215 2459 364 2496; x_wconf 86' lang='lat' dir='ltr'><strong>omnino</strong></span> <span class='ocrx_word' id='word_1_220' title='bbox 383 2460 511 2496; x_wconf 79' lang='lat' dir='ltr'><em>horrere</em></span> <span class='ocrx_word' id='word_1_221' title='bbox 529 2471 593 2508; x_wconf 85' lang='lat' dir='ltr'><strong>pro</strong></span> <span class='ocrx_word' id='word_1_222' title='bbox 613 2457 656 2493; x_wconf 88' lang='lat' dir='ltr'><strong>as</strong></span> <span class='ocrx_word' id='word_1_223' title='bbox 652 2472 712 2508; x_wconf 88' lang='lat' dir='ltr'><strong>pe-</strong></span> 
     </span>
     <span class='ocr_line' id='line_1_39' title="bbox 98 2509 713 2561; baseline -0.003 -13"><span class='ocrx_word' id='word_1_224' title='bbox 98 2524 175 2548; x_wconf 87' lang='lat' dir='ltr'><strong>rum</strong></span> <span class='ocrx_word' id='word_1_225' title='bbox 206 2511 272 2548; x_wconf 80' lang='lat' dir='ltr'><strong>effe</strong></span> <span class='ocrx_word' id='word_1_226' title='bbox 302 2522 408 2561; x_wconf 83' lang='lat' dir='ltr'><strong>atque</strong></span> <span class='ocrx_word' id='word_1_227' title='bbox 441 2509 528 2546; x_wconf 87' lang='lat' dir='ltr'><strong>hinc</strong></span> <span class='ocrx_word' id='word_1_228' title='bbox 556 2510 713 2559; x_wconf 83' lang='lat' dir='ltr'><strong>squalere</strong></span> 
     </span>
     <span class='ocr_line' id='line_1_40' title="bbox 98 2560 711 2610; baseline -0.005 -11"><span class='ocrx_word' id='word_1_229' title='bbox 98 2562 278 2599; x_wconf 75' lang='lat' dir='ltr'><strong>interdum</strong></span> <span class='ocrx_word' id='word_1_230' title='bbox 293 2575 302 2599; x_wconf 87' lang='lat'><strong>:</strong></span> <span class='ocrx_word' id='word_1_231' title='bbox 334 2574 372 2598; x_wconf 88' lang='lat' dir='ltr'><strong>ut</strong></span> <span class='ocrx_word' id='word_1_232' title='bbox 390 2572 466 2610; x_wconf 78' lang='lat' dir='ltr'><strong>apes</strong></span> <span class='ocrx_word' id='word_1_233' title='bbox 481 2561 613 2598; x_wconf 78' lang='lat' dir='ltr'><strong>horrent</strong></span> <span class='ocrx_word' id='word_1_234' title='bbox 637 2560 711 2599; x_wconf 81' lang='lat' dir='ltr'><strong>Ge.</strong></span> 
     </span>
     <span class='ocr_line' id='line_1_41' title="bbox 97 2611 710 2662; baseline 0 -13"><span class='ocrx_word' id='word_1_235' title='bbox 97 2612 171 2657; x_wconf 82' lang='lat' dir='ltr'><strong>IV,</strong></span> <span class='ocrx_word' id='word_1_236' title='bbox 187 2616 248 2662; x_wconf 85' lang='lat'><strong>96.</strong></span> <span class='ocrx_word' id='word_1_237' title='bbox 277 2624 368 2650; x_wconf 77' lang='lat' dir='ltr'><em>terra</em></span> <span class='ocrx_word' id='word_1_238' title='bbox 383 2613 491 2650; x_wconf 81' lang='lat' dir='ltr'><em>horret</em></span> <span class='ocrx_word' id='word_1_239' title='bbox 521 2611 594 2654; x_wconf 88' lang='lat' dir='ltr'>III,</span> <span class='ocrx_word' id='word_1_240' title='bbox 626 2615 710 2650; x_wconf 81' lang='lat'>161.</span> 
     </span>
     <span class='ocr_line' id='line_1_42' title="bbox 97 2663 710 2714; baseline 0 -14"><span class='ocrx_word' id='word_1_241' title='bbox 97 2664 216 2714; x_wconf 88' lang='lat' dir='ltr'>Atqui</span> <span class='ocrx_word' id='word_1_242' title='bbox 249 2677 313 2700; x_wconf 86' lang='lat' dir='ltr'><strong>nec</strong></span> <span class='ocrx_word' id='word_1_243' title='bbox 347 2664 407 2701; x_wconf 87' lang='lat' dir='ltr'><strong>hic</strong></span> <span class='ocrx_word' id='word_1_244' title='bbox 441 2664 544 2700; x_wconf 84' lang='lat' dir='ltr'><strong>aliter</strong></span> <span class='ocrx_word' id='word_1_245' title='bbox 573 2663 710 2700; x_wconf 56' lang='lat' dir='ltr'><strong>dierum</strong></span> 
     </span>
     <span class='ocr_line' id='line_1_43' title="bbox 94 2714 712 2752; baseline -0.002 -1"><span class='ocrx_word' id='word_1_246' title='bbox 94 2716 268 2752; x_wconf 75' lang='lat' dir='ltr'><em>arbitror:</em></span> <span class='ocrx_word' id='word_1_247' title='bbox 314 2715 373 2752; x_wconf 86' lang='lat' dir='ltr'><strong>sed</strong></span> <span class='ocrx_word' id='word_1_248' title='bbox 416 2716 537 2752; x_wconf 75' lang='lat' dir='ltr'><em>Latini</em></span> <span class='ocrx_word' id='word_1_249' title='bbox 579 2714 712 2751; x_wconf 79' lang='lat' dir='ltr'><em>horrent</em></span> 
     </span>
     <span class='ocr_line' id='line_1_44' title="bbox 97 2764 711 2815; baseline -0.002 -13"><span class='ocrx_word' id='word_1_250' title='bbox 97 2767 216 2804; x_wconf 81' lang='lat' dir='ltr'><em>Marte</em></span> <span class='ocrx_word' id='word_1_251' title='bbox 232 2766 268 2803; x_wconf 80' lang='lat' dir='ltr'><strong>h.</strong></span> <span class='ocrx_word' id='word_1_252' title='bbox 289 2767 395 2803; x_wconf 81' lang='lat' dir='ltr'><strong>armis</strong></span> <span class='ocrx_word' id='word_1_253' title='bbox 411 2779 419 2802; x_wconf 95' lang='lat'><strong>:</strong></span> <span class='ocrx_word' id='word_1_254' title='bbox 447 2764 620 2815; x_wconf 80' lang='lat' dir='ltr'><strong>exquifita</strong></span> <span class='ocrx_word' id='word_1_255' title='bbox 633 2765 711 2801; x_wconf 88' lang='lat' dir='ltr'><strong>dic-</strong></span> 
     </span>
     <span class='ocr_line' id='line_1_45' title="bbox 97 2817 709 2868; baseline -0.003 -13"><span class='ocrx_word' id='word_1_256' title='bbox 97 2817 165 2862; x_wconf 76' lang='lat' dir='ltr'><strong>tio,</strong></span> <span class='ocrx_word' id='word_1_257' title='bbox 182 2831 248 2868; x_wconf 88' lang='lat' dir='ltr'><strong>pro</strong></span> <span class='ocrx_word' id='word_1_258' title='bbox 265 2817 432 2856; x_wconf 81' lang='lat' dir='ltr'><strong>babentes</strong></span> <span class='ocrx_word' id='word_1_259' title='bbox 444 2830 547 2864; x_wconf 16' lang='lat' dir='ltr'><strong>*arma</strong></span> <span class='ocrx_word' id='word_1_260' title='bbox 565 2817 709 2854; x_wconf 84' lang='lat' dir='ltr'><strong>horren-</strong></span> 
     </span>
    </p>
   </div>
   <div class='ocr_carea' id='block_1_11' title="bbox 204 2882 301 2928">
    <p class='ocr_par' dir='ltr' id='par_1_12' title="bbox 204 2882 301 2928">
     <span class='ocr_line' id='line_1_46' title="bbox 204 2882 301 2928; baseline 0 -8"><span class='ocrx_word' id='word_1_261' title='bbox 204 2907 230 2928; x_wconf 45' lang='lat'><em>„</em></span> <span class='ocrx_word' id='word_1_262' title='bbox 280 2882 301 2920; x_wconf 79' lang='lat'>3</span> 
     </span>
    </p>
   </div>
   <div class='ocr_carea' id='block_1_12' title="bbox 773 1585 1405 2870">
    <p class='ocr_par' dir='ltr' id='par_1_13' title="bbox 777 1585 1405 2242">
     <span class='ocr_line' id='line_1_47' title="bbox 786 1585 1405 1637; baseline 0.006 -15"><span class='ocrx_word' id='word_1_263' title='bbox 786 1585 840 1623; x_wconf 82' lang='lat' dir='ltr'><strong>Fl.</strong></span> <span class='ocrx_word' id='word_1_264' title='bbox 862 1586 932 1630; x_wconf 87' lang='lat' dir='ltr'><strong>VI,</strong></span> <span class='ocrx_word' id='word_1_265' title='bbox 955 1599 1042 1636; x_wconf 82' lang='lat'><strong>424.</strong></span> <span class='ocrx_word' id='word_1_266' title='bbox 1062 1599 1135 1637; x_wconf 79' lang='lat'><strong>425·</strong></span> <span class='ocrx_word' id='word_1_267' title='bbox 1156 1603 1256 1624; x_wconf 78' lang='lat' dir='ltr'><em>arma</em></span> <span class='ocrx_word' id='word_1_268' title='bbox 1273 1588 1405 1626; x_wconf 80' lang='lat' dir='ltr'><em>horren-</em></span> 
     </span>
     <span class='ocr_line' id='line_1_48' title="bbox 783 1637 1404 1690; baseline 0.005 -17"><span class='ocrx_word' id='word_1_269' title='bbox 783 1645 832 1674; x_wconf 79' lang='lat' dir='ltr'><strong>tia</strong></span> <span class='ocrx_word' id='word_1_270' title='bbox 874 1637 974 1674; x_wconf 79' lang='lat' dir='ltr'><strong>dixit</strong></span> <span class='ocrx_word' id='word_1_271' title='bbox 1011 1640 1056 1675; x_wconf 87' lang='lat' dir='ltr'><strong>de</strong></span> <span class='ocrx_word' id='word_1_272' title='bbox 1094 1639 1239 1676; x_wconf 80' lang='lat' dir='ltr'><strong>thorace</strong></span> <span class='ocrx_word' id='word_1_273' title='bbox 1282 1640 1404 1690; x_wconf 85' lang='lat' dir='ltr'><strong>aspero</strong></span> 
     </span>
     <span class='ocr_line' id='line_1_49' title="bbox 783 1689 1403 1738; baseline 0.008 -14"><span class='ocrx_word' id='word_1_274' title='bbox 783 1689 936 1738; x_wconf 74' lang='lat' dir='ltr'><strong>squamis</strong></span> <span class='ocrx_word' id='word_1_275' title='bbox 953 1689 1010 1726; x_wconf 85' lang='lat' dir='ltr'><strong>seu</strong></span> <span class='ocrx_word' id='word_1_276' title='bbox 1030 1690 1247 1727; x_wconf 82' lang='lat' dir='ltr'><strong>ornamentis</strong></span> <span class='ocrx_word' id='word_1_277' title='bbox 1274 1704 1318 1728; x_wconf 87' lang='lat' dir='ltr'><strong>ex</strong></span> <span class='ocrx_word' id='word_1_278' title='bbox 1336 1705 1403 1729; x_wconf 84' lang='lat' dir='ltr'><strong>aere</strong></span> 
     </span>
     <span class='ocr_line' id='line_1_50' title="bbox 783 1740 1401 1794; baseline 0.005 -18"><span class='ocrx_word' id='word_1_279' title='bbox 783 1740 941 1790; x_wconf 82' lang='lat' dir='ltr'><strong>sculptis.</strong></span> <span class='ocrx_word' id='word_1_280' title='bbox 995 1740 1051 1777; x_wconf 78' lang='lat' dir='ltr'><strong>Ex</strong></span> <span class='ocrx_word' id='word_1_281' title='bbox 1084 1741 1230 1778; x_wconf 83' lang='lat' dir='ltr'><strong>Lucano</strong></span> <span class='ocrx_word' id='word_1_282' title='bbox 1264 1742 1299 1785; x_wconf 89' lang='grc' dir='ltr'><strong>Ι,</strong></span> <span class='ocrx_word' id='word_1_283' title='bbox 1327 1757 1401 1794; x_wconf 75' lang='lat'><strong>445</strong></span> 
     </span>
     <span class='ocr_line' id='line_1_51' title="bbox 781 1791 1403 1844; baseline 0.008 -17"><span class='ocrx_word' id='word_1_284' title='bbox 781 1791 913 1828; x_wconf 72' lang='lat' dir='ltr'><em>horrens</em></span> <span class='ocrx_word' id='word_1_285' title='bbox 952 1797 1042 1842; x_wconf 81' lang='lat' dir='ltr'><strong>feris</strong></span> <span class='ocrx_word' id='word_1_286' title='bbox 1086 1793 1250 1830; x_wconf 76' lang='lat' dir='ltr'><em>altaribus</em></span> <span class='ocrx_word' id='word_1_287' title='bbox 1296 1796 1403 1844; x_wconf 58' lang='lat' dir='ltr'><strong>Hefics</strong></span> 
     </span>
     <span class='ocr_line' id='line_1_52' title="bbox 783 1843 1402 1896; baseline 0.008 -18"><span class='ocrx_word' id='word_1_288' title='bbox 783 1844 973 1880; x_wconf 88' lang='lat' dir='ltr'><strong>commode</strong></span> <span class='ocrx_word' id='word_1_289' title='bbox 990 1843 1164 1881; x_wconf 71' lang='lat' dir='ltr'><em>horrendas</em></span> <span class='ocrx_word' id='word_1_290' title='bbox 1183 1845 1300 1895; x_wconf 82' lang='lat' dir='ltr'>accipi</span> <span class='ocrx_word' id='word_1_291' title='bbox 1319 1847 1402 1896; x_wconf 83' lang='lat' dir='ltr'><strong>pos·</strong></span> 
     </span>
     <span class='ocr_line' id='line_1_53' title="bbox 782 1893 1400 1945; baseline 0.01 -16"><span class='ocrx_word' id='word_1_292' title='bbox 782 1893 846 1937; x_wconf 87' lang='lat' dir='ltr'><strong>set,</strong></span> <span class='ocrx_word' id='word_1_293' title='bbox 879 1894 943 1930; x_wconf 84' lang='lat' dir='ltr'><strong>nifi</strong></span> <span class='ocrx_word' id='word_1_294' title='bbox 979 1895 1179 1932; x_wconf 76' lang='lat' dir='ltr'><strong>communis</strong></span> <span class='ocrx_word' id='word_1_295' title='bbox 1213 1901 1400 1945; x_wconf 71' lang='lat' dir='ltr'><strong>poetarum</strong></span> 
     </span>
     <span class='ocr_line' id='line_1_54' title="bbox 782 1944 1399 1997; baseline 0.01 -16"><span class='ocrx_word' id='word_1_296' title='bbox 782 1958 858 1981; x_wconf 88' lang='lat' dir='ltr'><strong>mos</strong></span> <span class='ocrx_word' id='word_1_297' title='bbox 888 1944 1047 1982; x_wconf 80' lang='lat' dir='ltr'><strong>suaderet</strong></span> <span class='ocrx_word' id='word_1_298' title='bbox 1074 1946 1119 1982; x_wconf 86' lang='lat' dir='ltr'><strong>ad</strong></span> <span class='ocrx_word' id='word_1_299' title='bbox 1147 1947 1342 1997; x_wconf 87' lang='lat' dir='ltr'><strong>squalorem</strong></span> <span class='ocrx_word' id='word_1_300' title='bbox 1362 1959 1399 1988; x_wconf 82' lang='lat' dir='ltr'><strong>et</strong></span> 
     </span>
     <span class='ocr_line' id='line_1_55' title="bbox 782 1995 1398 2039; baseline 0.01 -7"><span class='ocrx_word' id='word_1_301' title='bbox 782 1995 954 2033; x_wconf 79' lang='lat' dir='ltr'>incultam</span> <span class='ocrx_word' id='word_1_302' title='bbox 972 2010 1012 2033; x_wconf 90' lang='lat' dir='ltr'><strong>ac</strong></span> <span class='ocrx_word' id='word_1_303' title='bbox 1039 1997 1163 2035; x_wconf 85' lang='lat' dir='ltr'><strong>rudem</strong></span> <span class='ocrx_word' id='word_1_304' title='bbox 1187 1999 1313 2036; x_wconf 79' lang='lat' dir='ltr'><strong>faeiem</strong></span> <span class='ocrx_word' id='word_1_305' title='bbox 1336 2001 1398 2039; x_wconf 80' lang='lat' dir='ltr'><strong>dei</strong></span> 
     </span>
     <span class='ocr_line' id='line_1_56' title="bbox 780 2047 1396 2101; baseline 0.01 -18"><span class='ocrx_word' id='word_1_306' title='bbox 780 2048 926 2091; x_wconf 82' lang='lat' dir='ltr'><strong>referre,</strong></span> <span class='ocrx_word' id='word_1_307' title='bbox 961 2062 1039 2097; x_wconf 75' lang='lat' dir='ltr'><strong>quae</strong></span> <span class='ocrx_word' id='word_1_308' title='bbox 1059 2047 1229 2087; x_wconf 65' lang='lat' dir='ltr'><strong>saevitiam</strong></span> <span class='ocrx_word' id='word_1_309' title='bbox 1248 2053 1366 2101; x_wconf 87' lang='lat' dir='ltr'><strong>arguit</strong></span> <span class='ocrx_word' id='word_1_310' title='bbox 1384 2066 1396 2090; x_wconf 72' lang='grc' dir='ltr'>ε</span> 
     </span>
     <span class='ocr_line' id='line_1_57' title="bbox 777 2097 1398 2142; baseline 0.013 -8"><span class='ocrx_word' id='word_1_311' title='bbox 777 2097 905 2136; x_wconf 81' lang='lat' dir='ltr'><strong>saevum</strong></span> <span class='ocrx_word' id='word_1_312' title='bbox 942 2099 1038 2136; x_wconf 86' lang='lat' dir='ltr'><strong>enirn</strong></span> <span class='ocrx_word' id='word_1_313' title='bbox 1075 2100 1255 2138; x_wconf 78' lang='lat' dir='ltr'><strong>declarare</strong></span> <span class='ocrx_word' id='word_1_314' title='bbox 1288 2104 1398 2142; x_wconf 90' lang='lat' dir='ltr'><strong>deum</strong></span> 
     </span>
     <span class='ocr_line' id='line_1_58' title="bbox 777 2151 1397 2194; baseline 0.011 -8"><span class='ocrx_word' id='word_1_315' title='bbox 777 2151 907 2194; x_wconf 80' lang='lat' dir='ltr'><strong>voluit,</strong></span> <span class='ocrx_word' id='word_1_316' title='bbox 946 2161 983 2186; x_wconf 88' lang='lat' dir='ltr'><strong>ut</strong></span> <span class='ocrx_word' id='word_1_317' title='bbox 1010 2157 1140 2188; x_wconf 82' lang='lat' dir='ltr'><strong>immitis</strong></span> <span class='ocrx_word' id='word_1_318' title='bbox 1175 2153 1330 2191; x_wconf 69' lang='lat' dir='ltr'><strong>Teutates</strong></span> <span class='ocrx_word' id='word_1_319' title='bbox 1360 2166 1397 2193; x_wconf 81' lang='lat' dir='ltr'><strong>et</strong></span> 
     </span>
     <span class='ocr_line' id='line_1_59' title="bbox 777 2201 1224 2242; baseline 0.004 -4"><span class='ocrx_word' id='word_1_320' title='bbox 777 2201 925 2238; x_wconf 75' lang='lat' dir='ltr'><em>Taranis</em></span> <span class='ocrx_word' id='word_1_321' title='bbox 943 2218 1004 2239; x_wconf 81' lang='lat' dir='ltr'><strong>non</strong></span> <span class='ocrx_word' id='word_1_322' title='bbox 1023 2207 1131 2240; x_wconf 79' lang='lat' dir='ltr'><strong>milior</strong></span> <span class='ocrx_word' id='word_1_323' title='bbox 1147 2220 1224 2242; x_wconf 80' lang='lat' dir='ltr'><em>ara.</em></span> 
     </span>
    </p>

    <p class='ocr_par' dir='ltr' id='par_1_14' title="bbox 773 2253 1396 2870">
     <span class='ocr_line' id='line_1_60' title="bbox 828 2253 1394 2306; baseline 0.014 -18"><span class='ocrx_word' id='word_1_324' title='bbox 828 2266 847 2289; x_wconf 85' lang='lat'><strong>2</strong></span> <span class='ocrx_word' id='word_1_325' title='bbox 854 2255 914 2300; x_wconf 77' lang='lat'><strong>38.</strong></span> <span class='ocrx_word' id='word_1_326' title='bbox 945 2253 1032 2301; x_wconf 79' lang='lat' dir='ltr'><strong>Jam</strong></span> <span class='ocrx_word' id='word_1_327' title='bbox 1058 2253 1128 2290; x_wconf 80' lang='lat' dir='ltr'><em>loca</em></span> <span class='ocrx_word' id='word_1_328' title='bbox 1148 2258 1244 2306; x_wconf 66' lang='lat' dir='ltr'><em>j7fffa</em></span> <span class='ocrx_word' id='word_1_329' title='bbox 1273 2267 1394 2297; x_wconf 76' lang='lat' dir='ltr'><em>tenent.</em></span> 
     </span>
     <span class='ocr_line' id='line_1_61' title="bbox 778 2302 1394 2353; baseline 0.013 -15"><span class='ocrx_word' id='word_1_330' title='bbox 778 2302 901 2339; x_wconf 79' lang='lat' dir='ltr'><strong>Refert</strong></span> <span class='ocrx_word' id='word_1_331' title='bbox 928 2314 963 2340; x_wconf 88' lang='lat' dir='ltr'><strong>et</strong></span> <span class='ocrx_word' id='word_1_332' title='bbox 994 2305 1063 2341; x_wconf 89' lang='lat' dir='ltr'><strong>hoc</strong></span> <span class='ocrx_word' id='word_1_333' title='bbox 1094 2305 1235 2344; x_wconf 75' lang='lat' dir='ltr'><strong>Servius</strong></span> <span class='ocrx_word' id='word_1_334' title='bbox 1263 2309 1309 2344; x_wconf 88' lang='lat' dir='ltr'><strong>ad</strong></span> <span class='ocrx_word' id='word_1_335' title='bbox 1337 2322 1394 2353; x_wconf 82' lang='lat' dir='ltr'><strong>ea,</strong></span> 
     </span>
     <span class='ocr_line' id='line_1_62' title="bbox 776 2354 1396 2406; baseline 0.013 -16"><span class='ocrx_word' id='word_1_336' title='bbox 776 2354 814 2390; x_wconf 83' lang='lat' dir='ltr'><strong>in</strong></span> <span class='ocrx_word' id='word_1_337' title='bbox 841 2355 971 2405; x_wconf 83' lang='lat' dir='ltr'><strong>quibus</strong></span> <span class='ocrx_word' id='word_1_338' title='bbox 998 2358 1092 2393; x_wconf 60' lang='grc' dir='ltr'><strong>κατὰ</strong></span> <span class='ocrx_word' id='word_1_339' title='bbox 1128 2359 1167 2395; x_wconf 72' lang='grc' dir='ltr'><strong>τὸ</strong></span> <span class='ocrx_word' id='word_1_340' title='bbox 1197 2363 1396 2406; x_wconf 72' lang='grc' dir='ltr'><em>σιωπώμενον</em></span> 
     </span>
     <span class='ocr_line' id='line_1_63' title="bbox 776 2405 1393 2456; baseline 0.013 -15"><span class='ocrx_word' id='word_1_341' title='bbox 776 2405 1393 2456; x_wconf 82' lang='lat' dir='ltr'><strong>aliquidintelligendumsit‚“narn</strong></span> 
     </span>
     <span class='ocr_line' id='line_1_64' title="bbox 777 2456 1393 2511; baseline 0.013 -19"><span class='ocrx_word' id='word_1_342' title='bbox 777 2456 1029 2508; x_wconf 80' lang='lat' dir='ltr'><strong>intelligimuS‚</strong></span> <span class='ocrx_word' id='word_1_343' title='bbox 1058 2473 1139 2497; x_wconf 89' lang='lat' dir='ltr'><strong>eum</strong></span> <span class='ocrx_word' id='word_1_344' title='bbox 1171 2461 1305 2511; x_wconf 84' lang='lat' dir='ltr'><strong>equites</strong></span> <span class='ocrx_word' id='word_1_345' title='bbox 1325 2464 1393 2500; x_wconf 89' lang='lat' dir='ltr'><strong>mi-</strong></span> 
     </span>
     <span class='ocr_line' id='line_1_65' title="bbox 777 2508 1392 2564; baseline 0.011 -20"><span class='ocrx_word' id='word_1_346' title='bbox 777 2508 848 2545; x_wconf 80' lang='lat' dir='ltr'><strong>fiss&#39;e</strong></span> <span class='ocrx_word' id='word_1_347' title='bbox 883 2522 945 2559; x_wconf 85' lang='lat' dir='ltr'><strong>per</strong></span> <span class='ocrx_word' id='word_1_348' title='bbox 974 2512 1121 2548; x_wconf 76' lang='lat' dir='ltr'><strong>terraS.”</strong></span> <span class='ocrx_word' id='word_1_349' title='bbox 1193 2514 1283 2550; x_wconf 87' lang='lat' dir='ltr'><strong>Sane</strong></span> <span class='ocrx_word' id='word_1_350' title='bbox 1309 2515 1392 2564; x_wconf 89' lang='lat' dir='ltr'><strong>qui-</strong></span> 
     </span>
     <span class='ocr_line' id='line_1_66' title="bbox 775 2559 1390 2618; baseline 0.011 -23"><span class='ocrx_word' id='word_1_351' title='bbox 775 2559 855 2618; x_wconf 61' lang='lat' dir='ltr'><strong>‹jlem</strong></span> <span class='ocrx_word' id='word_1_352' title='bbox 874 2561 948 2610; x_wconf 84' lang='lat' dir='ltr'><strong>sup.</strong></span> <span class='ocrx_word' id='word_1_353' title='bbox 970 2560 1081 2606; x_wconf 83' lang='lat' dir='ltr'>VIII,</span> <span class='ocrx_word' id='word_1_354' title='bbox 1111 2566 1183 2614; x_wconf 82' lang='lat'><strong>548</strong></span> <span class='ocrx_word' id='word_1_355' title='bbox 1210 2564 1287 2613; x_wconf 88' lang='lat' dir='ltr'><strong>sqq.</strong></span> <span class='ocrx_word' id='word_1_356' title='bbox 1307 2578 1390 2603; x_wconf 89' lang='lat' dir='ltr'><strong>cum</strong></span> 
     </span>
     <span class='ocr_line' id='line_1_67' title="bbox 776 2611 1390 2664; baseline 0.011 -17"><span class='ocrx_word' id='word_1_357' title='bbox 776 2623 814 2647; x_wconf 85' lang='lat' dir='ltr'>m</span> <span class='ocrx_word' id='word_1_358' title='bbox 856 2611 1037 2649; x_wconf 79' lang='lat' dir='ltr'><strong>Etruriam</strong></span> <span class='ocrx_word' id='word_1_359' title='bbox 1074 2614 1193 2664; x_wconf 86' lang='lat' dir='ltr'><strong>pergit</strong></span> <span class='ocrx_word' id='word_1_360' title='bbox 1246 2617 1390 2662; x_wconf 82' lang='lat' dir='ltr'><strong>AEneas,</strong></span> 
     </span>
     <span class='ocr_line' id='line_1_68' title="bbox 775 2663 1388 2712; baseline 0.013 -15"><span class='ocrx_word' id='word_1_361' title='bbox 775 2672 874 2712; x_wconf 84' lang='lat' dir='ltr'><strong>parte</strong></span> <span class='ocrx_word' id='word_1_362' title='bbox 902 2663 1079 2701; x_wconf 87' lang='lat' dir='ltr'><strong>sociorum</strong></span> <span class='ocrx_word' id='word_1_363' title='bbox 1111 2665 1149 2701; x_wconf 88' lang='lat' dir='ltr'><strong>in</strong></span> <span class='ocrx_word' id='word_1_364' title='bbox 1176 2666 1388 2706; x_wconf 85' lang='lat' dir='ltr'><strong>comitatum</strong></span> 
     </span>
     <span class='ocr_line' id='line_1_69' title="bbox 774 2713 1390 2765; baseline 0.011 -16"><span class='ocrx_word' id='word_1_365' title='bbox 774 2713 918 2750; x_wconf 74' lang='lat' dir='ltr'><strong>assumta</strong></span> <span class='ocrx_word' id='word_1_366' title='bbox 949 2725 1093 2752; x_wconf 82' lang='lat' dir='ltr'><strong>caeteros</strong></span> <span class='ocrx_word' id='word_1_367' title='bbox 1124 2717 1226 2765; x_wconf 83' lang='lat' dir='ltr'><strong>jubet</strong></span> <span class='ocrx_word' id='word_1_368' title='bbox 1259 2718 1390 2756; x_wconf 85' lang='lat' dir='ltr'><strong>Tiberi</strong></span> 
     </span>
     <span class='ocr_line' id='line_1_70' title="bbox 773 2766 1391 2807; baseline 0.011 -7"><span class='ocrx_word' id='word_1_369' title='bbox 773 2766 891 2802; x_wconf 55' lang='lat' dir='ltr'><strong>vedios</strong></span> <span class='ocrx_word' id='word_1_370' title='bbox 908 2767 1037 2803; x_wconf 83' lang='lat' dir='ltr'><strong>reverti</strong></span> <span class='ocrx_word' id='word_1_371' title='bbox 1056 2768 1100 2804; x_wconf 87' lang='lat' dir='ltr'><strong>ad</strong></span> <span class='ocrx_word' id='word_1_372' title='bbox 1118 2769 1227 2805; x_wconf 88' lang='lat' dir='ltr'><strong>castra</strong></span> <span class='ocrx_word' id='word_1_373' title='bbox 1245 2779 1280 2806; x_wconf 92' lang='lat' dir='ltr'><strong>et</strong></span> <span class='ocrx_word' id='word_1_374' title='bbox 1298 2783 1391 2807; x_wconf 89' lang='lat' dir='ltr'><strong>nun-</strong></span> 
     </span>
     <span class='ocr_line' id='line_1_71' title="bbox 774 2815 1388 2870; baseline 0.01 -17"><span class='ocrx_word' id='word_1_375' title='bbox 774 2815 862 2855; x_wconf 88' lang='lat' dir='ltr'><strong>tiare</strong></span> <span class='ocrx_word' id='word_1_376' title='bbox 893 2817 1050 2855; x_wconf 78' lang='lat' dir='ltr'><strong>Ascanio</strong></span> <span class='ocrx_word' id='word_1_377' title='bbox 1076 2831 1156 2870; x_wconf 87' lang='lat' dir='ltr'><strong>quae</strong></span> <span class='ocrx_word' id='word_1_378' title='bbox 1189 2819 1280 2863; x_wconf 64' lang='lat' dir='ltr'>fafta</span> <span class='ocrx_word' id='word_1_379' title='bbox 1305 2822 1388 2860; x_wconf 82' lang='lat' dir='ltr'><strong>fint.</strong></span> 
     </span>
    </p>
   </div>
  </div>
 </body>
</html>
