1847 3313
399 291 465 337 44
577 265 1064 319 P.v1RG1L11
1137 266 1528 316 MARole

401 401 518 449 Huc
541 399 730 464 repetit,
756 397 979 463 justisque
1003 396 1274 460 ingentibus
1302 407 1475 460 urguet
1497 395 1680 460 Apollo

402 491 709 554 Tyrrhenum
750 490 810 537 ad
847 489 1100 552 Thybrim,
1150 500 1198 535 et
1244 487 1390 535 fontis
1426 488 1544 535 vada
1595 486 1739 536 sacra.

597 580 817 628 Numici.

402 671 501 721 Dat
522 671 612 718 tibi
633 684 864 736 praeterea
887 671 1107 719 Fortunae
1124 685 1271 733 parva
1294 670 1466 734 prioris

405 762 628 819 Nlunera,
659 762 882 826 reliquias
904 760 1129 831 Trojalex
1153 761 1346 809 ardente
1371 773 1600 825 receptas.
1629 775 1725 820 244

452 885 527 913 241.
550 875 711 907 salebrosa
727 875 832 907 oratio
856 886 930 906 meo
957 874 1089 916 quidem
1109 874 1252 916 judicio:
1284 877 1361 907 Hinc
1383 875 1544 907 Dardanus
1558 884 1634 906 ortus
1650 875 1719 905 Huc

408 930 522 970 repetit,
535 928 668 970 jzzffissque
680 929 884 965 1'.-Nun:1'ci;
909 927 948 958 ad
963 938 1060 968 quam
1076 934 1184 957 tamen
1201 926 1364 957 neminem
1381 926 1544 957 offendisse
1561 926 1668 963 video,
1685 935 1728 955 nc

407 979 449 1009 ad
465 979 765 1020 interpretationem
780 979 910 1019 quidem
927 988 935 1009 :
961 979 999 1009 de
1025 988 1087 1019 qua
1106 979 1227 1008 Notam
1243 977 1325 1008 vide.
1374 979 1442 1008 Huc
1454 978 1521 1019 jam
1542 977 1575 1007 in
1591 976 1728 1007 Venetis

408 1029 489 1062 Ald.
509 1029 638 1071 aliisque
652 1028 876 1060 vetustioribus
891 1028 1068 1071 expressum
1083 1028 1199 1066 video;
1222 1035 1254 1059 et
1271 1027 1311 1059 fic
1331 1028 1448 1060 Medic.
1467 1029 1584 1070 fragm.
1603 1027 1729 1063 Vatic..

409 1089 469 1111 nec
499 1080 626 1111 aliunde
657 1079 794 1110 varietas
819 1087 942 1117 notata,
963 1079 1020 1110 nili
1047 1078 1132 1121 quod
1162 1079 1260 1111 Rom.
1309 1079 1395 1110 Hunc
1421 1087 1537 1121 repetet,
1552 1077 1730 1122 juffisque*

409 1131 590 1173 Tyrrhenum
607 1140 633 1162 ct
649 1131 756 1174 Tybrin
783 1132 859 1174 ctf.
877 1144 912 1162 v.
928 1131 955 1174 s
978 1133 1024 1163 N.
1072 1124 1216 1171 Menagii
1243 1136 1352 1160 autem
1368 1139 1416 1170 pr.
1441 1131 1528 1160 Hunc
1542 1131 1630 1172 repeti
1643 1127 1728 1171 juffis

409 1182 472 1225 ing.
521 1182 633 1223 (Abest
657 1193 711 1225 que
738 1182 835 1213 etiam
859 1181 891 1212 in
906 1176 974 1214 Tec.
1006 1183 1125 1212 Moret.
1152 1187 1183 1211 et
1208 1180 1267 1212 sec.
1294 1179 1466 1223 Rottend.)
1510 1182 1586 1212 Hinc
1601 1193 1628 1211 r.
1644 1181 1729 1213 Ven.

409 1235 469 1266 Hic
486 1234 574 1265 Serv.
591 1234 672 1264 Dan.
692 1233 733 1264 ad
749 1233 806 1269 lV,
825 1241 899 1275 259.
944 1232 1005 1262 Sed
1021 1231 1053 1261 in
1071 1231 1120 1261 his
1138 1231 1266 1262 vocibus
1282 1232 1358 1268 hinc,
1373 1231 1457 1266 hunc,
1471 1233 1529 1268 hic,
1547 1243 1631 1270 nunc,
1653 1232 1724 1269 huc,

409 1285 536 1327 semper
552 1293 669 1325 magna
686 1283 745 1314 csse
762 1283 840 1314 solet
856 1281 992 1313 varietas
1009 1293 1046 1313 cx
1062 1280 1217 1312 scribendi
1234 1280 1424 1322 compendio
1438 1293 1446 1319 3
1469 1288 1504 1312 ut
1521 1281 1604 1312 forte
1623 1282 1726 1324 conji-

411 1335 476 1366 cias
502 1333 592 1365 fuisse
608 1344 617 1366 :
641 1336 731 1366 Nunc
747 1335 858 1376 repetit,
875 1332 1008 1376 juffisquc
1021 1331 1176 1375 ingentibus
1192 1340 1298 1374 urguet
1316 1333 1431 1373 Apollo,
1452 1332 1629 1373 ‘Tyrrhenum
1645 1333 1728 1375 ‘Thy-

411 1387 482 1418 brim
498 1387 624 1429 etfimtis
639 1386 818 1428 vadasacra
832 1386 961 1416 Numici.
1007 1384 1053 1413 Ut
1071 1382 1107 1414 sit
1123 1393 1130 1413 :
1157 1384 1252 1413 Nunc
1281 1382 1400 1424 Apollo
1426 1383 1553 1426 repetit.
1580 1383 1612 1415 h.
1632 1394 1661 1414 e.
1677 1395 1729 1415 re-

408 1446 521 1482 petere
533 1437 637 1479 jubet,
656 1437 829 1478 Thybrim.
875 1439 954 1468 Haee
969 1434 1081 1466 saltem
1097 1435 1213 1465 Latine
1231 1434 1315 1465 dieta
1332 1433 1440 1465 essent.
1488 1437 1535 1466 Ut
1557 1442 1665 1467 tamen
1692 1447 1732 1470 ex

413 1489 524 1521 animo
547 1488 664 1526 dicam,
687 1498 798 1519 omnes
813 1494 879 1518 tres
893 1486 1000 1517 versus
1017 1485 1091 1517 inde
1105 1497 1124 1516 a
1139 1485 1245 1517 verbis
1259 1495 1267 1516 :
1291 1487 1368 1516 Hinc
1383 1486 1545 1518 Dardanus
1566 1496 1642 1518 ortus
1658 1489 1729 1519 Huc

415 1552 445 1573 r.
471 1541 704 1583 Tyrrhenumque
720 1539 816 1570 alieni
838 1537 898 1570 effe
920 1538 1084 1575 videntur,
1105 1545 1160 1568 ant
1187 1548 1225 1568 ex
1251 1537 1398 1579 margine
1424 1537 1522 1568 serius
1545 1538 1670 1577 attexti‚
1691 1538 1735 1571 ad

413 1591 608 1633 explendum
619 1590 856 1621 hemistichium
873 1591 999 1632 Imperiis
1016 1601 1094 1632 egere
1101 1588 1180 1631 suis3
1206 1595 1260 1619 aut
1277 1599 1315 1619 ex
1338 1588 1436 1619 variis
1451 1591 1559 1630 poetae
1575 1590 1729 1621 tentami-

411 1642 516 1678 nihus,
539 1651 610 1683 quae
637 1640 754 1671 chartis
783 1638 842 1670 ille'
861 1639 1019 1678 illeverat‚
1041 1650 1059 1670 a
1085 1640 1195 1669 Tucca
1225 1638 1373 1670 confesti.
1414 1673 1416 1677 y
1467 1647 1540 1676 242.
1567 1641 1668 1672 ‘Timici
1697 1648 1732 1674 et

411 1695 541 1735 ‘I'alymici
564 1692 658 1724 codd.
687 1692 771 1734 apud
787 1692 896 1723 Burni.
990 1701 1061 1731 243.
1086 1693 1152 1723 Dat
1171 1691 1212 1722 sc.
1237 1691 1368 1727 AEneas,
1390 1697 1421 1721 et
1444 1688 1484 1720 fic
1511 1690 1610 1732 vulgo
1633 1691 1736 1733 expli-

411 1751 515 1775 catur.
564 1742 614 1772 Sic
637 1742 740 1773 oratio
767 1742 806 1773 ad
828 1752 860 1772 v.
884 1750 944 1774 221
974 1741 1171 1773 retrahitur:
1197 1741 1299 1772 Troius
1325 1743 1438 1773 AEneas
1464 1749 1517 1773 tua
1531 1753 1576 1773 nos
1596 1741 1638 1773 ad
1659 1743 1735 1774 limi-

411 1808 449 1829 na
465 1795 644 1837 mfit--Dat
659 1795 750 1836 tibip.
798 1793 897 1836 Qod
912 1800 1020 1824 tamen
1046 1793 1119 1823 satis
1143 1792 1260 1823 durum
1286 1791 1346 1824 effe
1373 1793 1443 1833 quis
1465 1804 1529 1826 non
1546 1792 1659 1832 videt3
1681 1793 1734 1824 in*

413 1849 527 1893 primis
553 1857 627 1877 cum
653 1845 808 1877 orationis
827 1845 933 1876 cursus
962 1845 1003 1877 ad
1028 1845 1220 1887 Apollinem
1246 1845 1307 1876 hoc
1331 1845 1461 1883 referat,
1484 1857 1514 1877 ν.
1545 1855 1620 1884 241,
1640 1846 1733 1881 sensu

415 1910 524 1934 tamen
536 1906 747 1941 repugnante.
791 1898 931 1929 Videtur
951 1901 1061 1939 poeta,
1084 1908 1154 1939 quae
1171 1897 1277 1929 media
1299 1896 1385 1936 sunt,
1408 1897 1553 1929 secundis
1569 1897 1652 1929 curis
1665 1897 1733 1932 clas

416 1951 549 1991 boralse,
570 1962 673 1994 neque
688 1950 728 1982 iis
742 1956 855 1982 caetera
870 1949 943 1981 satis
953 1948 1214 1983 accommodasse.
1304 1939 1310 1946 ’

416 2073 534 2116 repetit
557 2066 605 2103 ad
636 2062 849 2102 Dardanum
880 2062 1040 2101 referunt
1105 2073 1221 2108 ortus;
1242 2062 1317 2100 Huc
1329 2068 1444 2112 repetit
1448 2061 1607 2114 jzgffi‘sque
1623 2067 1649 2099 i.
1669 2077 1730 2101 ur⁴

415 2117 541 2168 Intpp.
592 2117 669 2168 post
714 2115 955 2153 Turnebum:
1001 2116 1041 2152 in
1102 2124 1188 2167 guel
1218 2115 1265 2153 A.
1319 2114 1390 2152 Sed
1419 2122 1456 2150 et
1484 2115 1554 2151 hoc
1580 2114 1736 2151 durum:

416 2170 511 2206 hanc
547 2182 611 2206 nos
644 2178 793 2211 terram,
840 2167 936 2204 unde
969 2167 1043 2204 orti
1110 2166 1228 2215 Apollo
1258 2171 1375 2216 repetit
1403 2166 1551 2203 huc—et
1577 2177 1673 2218 urget
1689 2167 1743 2205 ad

416 2220 551 2265 sumus,
566 2220 711 2271 repetit,
739 2229 883 2256 revocat
901 2219 1045 2257 Darda-
1113 2218 1288 2269 ‘Thybris-n.
1342 2217 1502 2254 Laborat
1543 2218 1667 2255 locus:
1696 2231 1735 2256 v.

417 2285 484 2309 nus
515 2282 552 2310 et
585 2271 683 2322 quasi
708 2269 899 2316 vindicat3
931 2283 1047 2321 neque
1113 2269 1204 2308 Var.
1224 2270 1325 2308 Le&
1356 2270 1548 2307 Numicium
1585 2282 1607 2306 a
1636 2268 1740 2307 fonte

417 2324 525 2360 aliter
559 2323 741 2360 Donatus.
815 2321 936 2372 Atqui
975 2323 1048 2359 hoc
1115 2321 1245 2360 iterum
1265 2321 1376 2370 (v.ad
1397 2319 1671 2378 150)defignat,
1697 2329 1738 2357 ut

418 2377 552 2413 durum
585 2375 647 2418 est,
674 2374 701 2412 fi
732 2373 822 2423 quid
849 2373 974 2418 video,
1004 2386 1049 2410 ne

418 2427 541 2465 dicam
552 2425 721 2476 putidum
736 2439 746 2469 ;
761 2424 876 2462 multo
889 2425 1051 2463 deterior

419 2478 539 2517 Servii
556 2477 664 2522 ratio,
683 2486 723 2514 ut
743 2476 934 2514 Dardanus
950 2490 1047 2514 nunc

421 2531 553 2568 AEneas
571 2529 625 2567 fit.
681 2529 816 2566 Saltem
846 2529 982 2578 Apollo
1017 2528 1047 2566 is

419 2582 488 2619 effe
509 2580 633 2623 debet,
651 2580 714 2630 qui
734 2585 847 2628 repetit
863 2580 1046 2631 Trojanos

419 2635 500 2678 huc,
529 2632 569 2670 in
596 2631 688 2668 hanc
714 2640 844 2668 terram
878 2631 1044 2675 retrahit,

422 2693 581 2728 revocat,
600 2683 746 2720 Italiam
761 2691 915 2732 repetere
928 2683 1047 2732 jubet,

420 2747 457 2774 et
477 2747 580 2787 urget
599 2736 645 2772 ad
663 2734 850 2776 Tiberim,
869 2734 906 2771 h.
937 2744 1047 2771 retra-

419 2788 494 2833 hit,
523 2786 622 2823 adire
648 2786 778 2835 jubet3
813 2786 974 2835 adeoque
992 2786 1047 2823 in-

417 2838 729 2893 terpungendum:
748 2839 838 2877 Hinc
856 2838 1048 2878 Dardanus

1114 2374 1238 2423 poeta,
1269 2382 1305 2410 et
1334 2373 1507 2421 quoniam
1536 2372 1738 2410 Lavmium

1114 2424 1200 2462 urbs
1218 2423 1265 2460 ad
1292 2437 1376 2461 eum
1402 2424 1523 2462 locum
1550 2423 1742 2461 condenda

1111 2476 1173 2513 est.
1229 2475 1334 2512 Ponit
1374 2487 1498 2525 porro,
1541 2483 1580 2512 ut
1614 2477 1740 2524 poe'ta,

1112 2527 1262 2565 fluvium
1297 2526 1343 2564 ad
1379 2526 1634 2576 designandam
1669 2536 1741 2563 ter-

1112 2592 1202 2617 ram.
1256 2579 1358 2618 Nota
1375 2577 1495 2623 rati03
1522 2577 1582 2614 sed
1599 2577 1638 2615 in
1660 2577 1743 2616 Nu-

1112 2630 1231 2676 micii,
1251 2640 1434 2679 tamquam
1452 2629 1542 2666 sacri
1562 2628 1739 2674 fluminis,

1113 2682 1265 2719 notione
1308 2681 1437 2732 religio
1481 2680 1602 2731 aliqua
1638 2681 1741 2719 inest.

1114 2733 1316 2771 Observata
1327 2746 1379 2771 res
1392 2733 1430 2769 in
1444 2731 1607 2770 Excursu
1619 2731 1678 2769 III
1695 2732 1744 2772 ad

1112 2786 1151 2826 h.
1169 2784 1238 2823 lib.

1166 2846 1384 2891 ²43-249’
1434 2836 1512 2876 Dat
1545 2835 1625 2889 quis
1642 2835 1682 2928 ἓν
1702 2848 1741 2873 V·

1649 2897 1744 2938 war·
