1847 3313
441 212 553 261 AD
609 210 960 260 LIBRUM
1019 211 1116 260 XI.
1326 211 1422 280 603

109 339 240 394 Spina,
273 342 322 382 ad
348 343 478 383 ostium
508 341 601 381 Padi
619 341 864 394 Spineticum,
895 344 1030 383 condita
1049 359 1072 382 a
1089 344 1266 384 Diomede.
1321 345 1429 384 Alias

112 404 162 442 de
190 403 379 442 Diomede
407 403 638 442 narrationes
671 416 710 440 ν.
746 416 805 454 ap.
843 403 968 442 Strab.
1003 404 1078 448 VJ,
1114 419 1154 456 p.
1186 406 1279 457 436.
1349 407 1430 445 Vix

111 463 259 507 videtur
271 463 309 502 in
328 463 384 501 his
404 463 491 501 fides
508 462 650 501 Graecis
671 463 740 500 effe
755 462 932 500 habenda
950 477 959 501 :
989 464 1067 515 qui,
1094 478 1181 504 cum
1200 467 1353 504 heroe'm
1366 465 1429 504 in-

113 525 281 576 digetem
298 524 335 561 in
352 524 397 562 iis
415 523 506 562 locis
525 523 599 561 coli
623 523 834 566 audiissent,
863 524 981 561 forsan
1001 538 1104 563 more
1123 527 1187 564 suo
1204 527 1431 566 Diomedem

113 595 199 625 eum
225 582 460 635 interpretati
491 582 585 620 sunt.
639 583 781 619 Verum
801 596 822 619 a
841 596 899 620 me
918 584 996 622 haec
1024 597 1068 622 eo
1086 599 1182 624 nunc
1205 598 1432 624 commemo·

114 653 258 686 rantur,
286 653 326 680 ut
354 641 599 693 intelligatur,
628 642 794 679 fabulam
821 642 868 680 de
886 643 1084 682 Diomedis
1102 646 1142 683 in
1159 646 1269 684 Italia
1286 646 1431 685 sedibus

115 705 316 746 fuissesatis
331 705 494 743 nobilem
513 702 612 740 inter
628 712 787 746 veteres,
803 712 841 740 ut
856 706 967 754 poe'ta
983 718 1028 742 ea
1043 707 1098 745 uti
1113 708 1279 759 potuerit
1296 724 1307 753 ;
1328 709 1431 748 usum

116 773 241 809 autem
266 765 335 801 esse
359 776 403 801 ea
420 763 573 814 poetam
598 761 647 799 ad
666 761 918 801 narrationem
937 763 1156 808 variandam
1174 778 1211 807 et
1229 767 1431 814 ornandam

115 822 412 871 accommodate.

454 1027 945 1072 EXCURSUS
1019 1035 1082 1077 11.

599 1156 676 1204 De
711 1157 914 1205 Camilla.

172 1291 245 1338 XI,
274 1309 348 1347 532
368 1294 448 1347 sqq.
506 1311 582 1349 539
601 1296 681 1349 sqq.
701 1297 820 1348 Pulsizs
837 1298 875 1336 ob
895 1300 1084 1338 invidiam.
1129 1297 1344 1350 Episodium
1362 1296 1436 1336 hoe

120 1355 235 1405 poeta
253 1368 299 1392 ex
315 1355 476 1406 antiquis
496 1356 678 1394 Italorum
705 1357 862 1396 historiis
891 1359 951 1396 seu
972 1359 1104 1396 fabulis
1122 1358 1346 1398 contexuisse
1365 1370 1435 1407 pu-

120 1414 256 1452 tandus
275 1415 337 1452 est.
394 1416 452 1452 Ex
472 1415 604 1454 Servio
624 1417 670 1453 ad
691 1430 731 1453 ν.
751 1417 828 1468 567
858 1419 990 1469 colligi
1008 1420 1138 1470 potest,
1156 1419 1337 1456 Catonem
1357 1419 1436 1455 haee

121 1474 232 1512 latius
251 1475 320 1511 effe
334 1475 566 1524 persecutum
582 1476 621 1513 in
646 1477 806 1527 Origg.‚
832 1491 913 1527 quae
936 1479 1011 1530 ipsa
1028 1493 1082 1517 res
1101 1479 1270 1518 excusare
1288 1487 1437 1529 poterat

124 1532 264 1572 fanum
283 1547 413 1585 parum
432 1535 677 1587 probabiliter
707 1547 913 1580 narratum,
947 1549 988 1576 ut
1019 1540 1122 1577 hastae
1159 1540 1349 1590 alligatam
1384 1539 1438 1575 in-

124 1591 266 1631 fantem
297 1604 396 1631 trans
427 1607 574 1632 amnem
607 1595 734 1644 jacere
765 1597 895 1648 aliquis
917 1599 1104 1642 maluerit,
1131 1614 1242 1651 quam
1269 1612 1353 1637 cum
1374 1599 1437 1635 illa

123 1652 287 1699 humeris
303 1663 366 1691 aut
384 1663 492 1705 tergo
507 1653 651 1705 illigata
669 1657 854 1695 transnare
874 1671 1032 1696 amnem.
1090 1660 1202 1710 Qod
1214 1660 1260 1696 de
1277 1659 1435 1708 Pyrrho,

124 1714 235 1765 Epiri
253 1728 358 1766 rege,
375 1729 492 1765 puero
513 1726 701 1754 narratum
721 1717 824 1755 aiunt
848 1719 977 1762 simile,
995 1721 1103 1768 plane
1125 1721 1305 1758 diversum
1326 1721 1389 1763 est,
1408 1720 1434 1757 fi

124 1774 365 1813 Plutarchum
385 1774 570 1826 inspicias.
624 1776 802 1815 Diversus
822 1788 944 1816 autem
964 1779 1090 1830 utique
1110 1780 1170 1819 hic
1189 1781 1364 1818 Metabus
1384 1778 1433 1816 ab

123 1848 186 1881 eo,
218 1834 282 1886 qui
302 1848 350 1872 ex
379 1834 499 1885 Troja
519 1835 634 1873 redux
653 1838 916 1889 Metapontum
936 1838 974 1876 in
993 1849 1160 1877 extrema
1179 1840 1288 1877 Italia
1303 1838 1433 1877 condi-

124 1894 214 1934 diffe
242 1894 443 1932 ferebatur.
497 1893 550 1939 IS,
578 1895 624 1932 de
655 1910 730 1947 quo
757 1898 818 1936 hie
848 1899 987 1949 agitur,
1025 1912 1090 1937 rex
1120 1899 1302 1941 Priverni,
1333 1898 1434 1950 quod

123 1955 345 1997 Volscorum
358 1954 537 2006 oppidum
555 1955 625 1994 fuit
658 1959 772 2008 (nunc
792 1959 893 1997 vicus
912 1961 1098 2009 Piper-no),
1126 1974 1194 2011 per
1220 1960 1434 1998 seditionem

125 2027 150 2053 a
176 2014 247 2053 suis
269 2014 405 2064 pulsu5‚
426 2014 586 2052 Camilla
605 2016 678 2054 filia
703 2016 843 2056 infante
862 2019 980 2056 secum
1001 2019 1123 2063 dueta,
1159 2020 1342 2058 Amaseno
1360 2030 1436 2056 tra-

123 2076 238 2128 JeEio,
269 2076 307 2115 in
336 2076 432 2114 silvis
461 2076 634 2114 educavit
655 2078 765 2118 filiam
784 2080 915 2118 Dianae
942 2082 1204 2120 consecratam.
1257 2082 1346 2119 Non
1366 2081 1438 2118 issi-

127 2147 290 2190 portuna
316 2138 365 2175 est
393 2137 517 2175 fabula
536 2138 583 2174 ad
604 2139 818 2177 variandam
840 2141 1088 2180 narrationem
1108 2143 1153 2179 de
1168 2143 1301 2180 bellico
1321 2155 1436 2193 appa-

127 2194 225 2240 ratu,
257 2205 295 2234 et
314 2206 414 2234 tenet
434 2196 596 2235 animum
622 2201 877 2249 expec‘tatione
902 2201 1062 2239 fatorum
1091 2202 1272 2245 Camillae,
1300 2203 1345 2239 de
1365 2215 1437 2253 qua

128 2257 377 2304 narrationem
400 2270 496 2295 nunc
510 2257 663 2296 instituit
682 2261 806 2309 poeta.
863 2259 1008 2298 Interea
1024 2261 1110 2300 huic
1125 2262 1288 2312 episodio
1309 2264 1437 2300 ultlma

127 2319 250 2368 poetae
268 2330 396 2354 manus
425 2330 499 2354 non
517 2317 668 2355 admota
687 2320 756 2356 esse
777 2318 938 2363 videtur,
972 2334 1055 2360 curn
1077 2323 1240 2360 narratio
1258 2336 1341 2360 cum
1361 2323 1439 2373 ipso

128 2376 295 2415 AEneidis
315 2386 533 2426 argumento
560 2377 710 2416 omnino
728 2392 800 2416 non
821 2378 905 2416 satis
929 2381 1126 2424 coaluerit,
1159 2382 1254 2432 Opis
1275 2394 1395 2420 autem
1417 2397 1439 2421 a

134 2437 279 2502 Junone
297 2436 408 2474 miffae
428 2435 668 2475 ministerium
681 2438 744 2476 vix
759 2452 858 2481 eum,
887 2453 996 2489 quem
1018 2454 1109 2491 expe
1113 2442 1214 2479 &aba
1200 2455 1314 2484 ,,111υς
1334 2444 1442 2482 effec-

128 2482 210 2539 tu'm
237 2498 383 2536 habeat.
438 2497 526 2535 Non
553 2509 701 2548 poterat
729 2513 750 2536 a
769 2509 886 2537 morte
907 2500 1011 2538 fatali
1032 2500 1130 2538 vindi
1137 2516 1220 2539 care
1241 2503 1440 2540 Camillam

131 2558 231 2597 suam
257 2558 409 2602 Diana3
438 2567 478 2595 ut
510 2572 578 2596 nec
611 2559 759 2609 Jupiter
791 2560 1057 2610 Sarpedonem,
1087 2575 1156 2599 nee
1184 2563 1242 2599 alss'
1234 2576 1246 2599 1
1272 2562 1322 2599 dii
1350 2563 1441 2600 alios

131 2620 286 2663 heroes:
316 2618 427 2670 Qod
444 2628 567 2656 tamen
586 2619 685 2657 idem
707 2621 883 2688 Jupiter
875 2634 911 2658 m
933 2622 1062 2671 Sarpc
1052 2622 1146 2659 lone
1164 2623 1225 2660 fili
1246 2623 1356 2660 licere
1372 2623 1441 2667 ait,

129 2681 304 2745 quodque
329 2681 441 2723 etiam
466 2679 653 2733 providet,
675 2691 715 2720 ut
728 2681 804 2732 ejus
822 2695 971 2735 corpus,
1006 2682 1076 2721 vi<u
1067 2696 1113 2721 or
1116 2682 1151 2721 is
1172 2683 1331 2721 ludibrio
1359 2684 1440 2720 sub

1278 2742 1441 2788 ductum„
