1847 3313
379 244 473 306 426
574 241 628 289 P.
674 235 1058 286 VIRGILII
1112 232 1502 282 MARONIS

380 375 598 423 Protinus
607 372 665 418 ha
673 370 736 417 sta
748 368 885 431 fugit,
895 366 1137 430 servatque
1149 376 1342 414 cruenta
1351 375 1586 418 tenorem;
1601 377 1697 424 340³¹

380 467 683 526 Dexteraque
699 476 756 507 ex
773 461 972 506 humero
986 457 1139 504 nervis
1156 455 1441 504 moribunda
1451 452 1694 519 pependitq

381 558 514 604 Tum
539 552 782 608 Numitor,
797 549 960 615 jaculo
983 548 1138 596 fratris
1161 548 1220 595 de
1241 562 1440 610 corpore
1461 557 1615 609 rapto,

383 643 566 690 AEnean
592 638 760 702 petiit;
797 636 875 684 sed
898 652 990 683 non
1011 649 1057 682 et
1080 635 1225 699 figere
1248 644 1413 680 contra

384 732 467 780 Est
492 731 697 785 licitum,
721 726 980 791 magnique
1005 725 1160 771 femur
1182 721 1460 787 perstrinxit
1480 719 1698 768 Achatae.

385 822 487 869 Hic
505 819 726 875 CuribUS,
742 815 890 863 fidens
905 814 1141 877 primaevo
1158 825 1372 874 corpore,
1388 807 1581 856 Clausus
1605 824 1668 871 34
1673 822 1697 871 5

386 911 617 967 Advenit,
639 921 686 957 et
708 908 863 972 rigida
887 907 1136 968 Dryopem
1162 904 1268 951 ferit
1289 902 1473 950 eminus
1493 901 1624 948 hasta

432 1048 511 1078 340.
534 1040 614 1083 hasta
629 1038 706 1083 s1bit
729 1047 777 1079 pr.
796 1036 922 1066 Moret.
945 1042 976 1066 et
994 1035 1098 1076 Sprot.
1121 1044 1139 1065 a
1155 1044 1201 1065 m.
1220 1042 1285 1075 pn,
1308 1030 1506 1074 praecefferat
1523 1029 1555 1062 id
1573 1040 1608 1062 v.
1627 1027 1704 1068 338.

480 1101 552 1131 341.
578 1092 749 1131 Dextraque
771 1096 827 1131 pet·
852 1088 977 1131 humeros
1003 1086 1062 1116 sec.
1091 1084 1244 1116 Rottend.
1288 1083 1458 1126 pudibunda
1488 1082 1707 1123 Hugen.—--

391 1150 467 1180 343.
485 1142 538 1186 sed
559 1153 609 1171 non
625 1140 736 1184 qffi'gere
759 1150 783 1169 c.
808 1136 904 1168 multi
920 1136 1011 1167 codd.
1036 1143 1068 1166 et
1091 1136 1180 1173 edd„
1198 1134 1255 1165 alii
1280 1134 1406 1180 affigere,
1431 1134 1549 1176 afigere,
1575 1133 1709 1177 effugere,

389 1193 531 1235 efflingere
553 1192 636 1234 apud
659 1189 769 1221 Heins.
799 1195 832 1220 et
858 1188 969 1219 Burm.
1058 1196 1133 1226 344.
1154 1186 1318 1230 perstringit
1345 1185 1408 1215 duo
1424 1184 1536 1215 Burm.
1629 1191 1705 1221 345.

391 1244 509 1277 Vtribus
532 1245 578 1274 hic
590 1242 685 1285 fidens
708 1240 787 1272 Ald.
814 1239 875 1271 see.
902 1245 934 1269 et
962 1237 1034 1269 edd.
1062 1238 1185 1279 aliquot
1209 1244 1283 1267 ante
1311 1235 1464 1266 Pierium.
1509 1236 1567 1266 Hic
1593 1233 1711 1272 viribus

395 1295 472 1327 Ald.
510 1305 573 1336 pr.,
610 1302 646 1323 ut
673 1299 705 1322 et
733 1289 835 1321 Goth.
867 1299 916 1330 pr.
979 1289 1037 1320 Hic
1068 1287 1198 1319 curribus
1228 1288 1327 1317 Rom.
1390 1284 1526 1317 Curribus
1556 1285 1602 1315 hic
1630 1291 1709 1315 tert.

395 1345 518 1376 Curibus
532 1343 629 1386 fidens
646 1340 785 1372 malebat
801 1338 907 1371 Cerda
920 1337 1067 1380 jungere.
1111 1339 1161 1368 At
1172 1337 1269 1379 fidens
1278 1335 1420 1377 juventa,
1434 1335 1540 1372 robore,
1550 1344 1608 1375 pro
1624 1333 1710 1372 usus,

393 1395 532 1433 habens3
553 1394 621 1436 jam
634 1392 709 1423 alibi
726 1391 902 1428 monitum,
916 1389 989 1420 ἀλκὶ
1005 1388 1158 1422 πεποιθώς.
1203 1387 1350 1418 Tandem
1365 1388 1480 1427 Lausus
1495 1385 1616 1416 leffium
1636 1393 1712 1420 ante,

396 1449 553 1481 Pieriam.
602 1445 663 1476 Sed
679 1442 796 1487 Clausus
812 1441 997 1473 emendavit
1013 1439 1196 1482 Naugerius
1211 1446 1243 1470 et
1265 1439 1352 1470 Pier.
1376 1449 1408 1469 v.
1428 1439 1502 1476 VII,
1530 1436 1603 1469 106.
1650 1437 1711 1468 Vi-

395 1501 490 1532 detur
518 1507 626 1529 autem
653 1496 687 1527 in
708 1494 853 1527 Claudiae
870 1493 975 1536 gentis
1001 1493 1141 1535 gratiam
1157 1491 1308 1523 Clausum
1324 1491 1408 1521 hunc
1425 1500 1550 1520 ornare.
1593 1491 1712 1526 Laurus

396 1551 515 1586 Medic.
540 1560 559 1581 a
580 1559 626 1580 m.
650 1557 700 1591 pr.
745 1545 839 1592 lapsus
862 1545 925 1577 duo
942 1546 1055 1576 Burm.
1144 1542 1220 1583 346.
1243 1543 1379 1575 Advolat
1406 1540 1575 1583 Oblongus
1604 1540 1713 1578 Pierii,

1592 1592 1712 1624 Hamh.

398 1716 516 1756 AEnea
560 1711 681 1752 emiffa
716 1711 792 1760 ejus
831 1706 1023 1746 brachium

400 1765 595 1816 transfigit,
640 1773 675 1801 et
720 1765 861 1814 trqjeelo
903 1759 1027 1796 lacerto

403 1820 580 1865 Alcanoris
599 1821 699 1868 fugit
719 1820 884 1865 protinus,
903 1823 1028 1862 porro,

401 1871 552 1910 uberius
573 1868 663 1912 abit,
669 1871 861 1917 servatque
874 1874 1029 1905 tenorem,

404 1936 471 1961 nec
500 1919 653 1959 remittit
685 1917 879 1968 quicquam
899 1915 944 1951 de
962 1914 1030 1950 im·

404 1985 506 2025 Petu,
525 1985 631 2022 quem
649 1984 693 2007 ex
717 1970 813 2019 jactu
832 1966 936 2004 fortis
955 1963 1027 2001 viri

405 2025 574 2063 habebat.
644 2022 733 2059 Uno
775 2019 902 2062 verbo,
945 2016 1028 2053 bra-

406 2078 531 2115 chium
550 2073 690 2111 Maeoni
707 2070 923 2122 suppositum
950 2078 1030 2104 tan-

406 2137 485 2167 tum
500 2141 572 2164 non
591 2125 820 2162 rescinditur.
875 2119 1031 2170 Reliqua

407 2182 455 2220 ad
489 2188 657 2216 ornatum
688 2176 839 2226 adjecia.
893 2172 950 2208 Ita
981 2171 1031 2208 fic

409 2232 494 2270 satis
512 2230 607 2267 forte
624 2228 798 2266 sententia
820 2224 929 2276 potest
948 2236 1032 2260 con-

409 2284 524 2325 stitui,
556 2291 596 2318 ut
629 2280 709 2317 duae
741 2279 807 2315 sint
840 2276 945 2313 hastae
987 2273 1033 2310 ab

411 2336 526 2376 AEnea
555 2331 694 2370 emiffae.
750 2329 789 2366 Si
818 2338 936 2365 tamen
955 2338 1033 2363 vcr-

411 2388 541 2425 borum
560 2395 596 2420 et
614 2381 866 2420 sententiarum
890 2378 1034 2428 junftu-

412 2452 486 2477 ram
516 2436 676 2479 aestimes,
714 2432 901 2471 fatendum
946 2428 1033 2474 erit,

410 2495 558 2542 poetam
599 2484 876 2523 admirationem
918 2481 1034 2517 facere

411 2541 557 2579 voluisse
585 2549 619 2575 et
650 2537 754 2574 unius
770 2535 871 2572 1³:1stae
898 2533 1033 2583 jucium

414 2605 487 2631 tam
507 2590 666 2629 validum
690 2599 725 2625 et
750 2587 930 2624 efficacem
958 2596 1036 2621 nar-

415 2658 506 2686 rare,
553 2652 591 2679 ut
627 2639 785 2678 Maeonis
820 2638 965 2673 thorace
1000 2644 1036 2671 et

416 2697 557 2752 pecffore
574 2695 721 2744 trajefto
734 2702 874 2740 tergum
888 2688 1036 2738 egressa,

419 2745 610 2783 Alcanoris
629 2743 761 2785 fratris,
790 2741 854 2790 qui
873 2740 910 2776 in
929 2752 1036 2788 prox-

416 2801 492 2837 {mo
521 2800 611 2836 stans
640 2793 841 2837 corruentis
871 2792 1038 2830 humeros

1088 1703 1316 1748 sustentabat,
1352 1704 1518 1741 dextram
1551 1699 1715 1752 perstrin-

1090 1767 1203 1809 geret.
1259 1756 1321 1793 Est
1338 1755 1419 1793 sane
1448 1755 1504 1798 id,
1536 1753 1637 1803 quod
1665 1751 1715 1789 se-

1092 1809 1230 1858 quitur,
1242 1807 1416 1858 prodigio
1427 1805 1592 1858 propius:
1614 1805 1716 1855 quod

1094 1860 1274 1902 Numitor
1317 1859 1428 1896 frater
1462 1857 1597 1895 hastam
1640 1866 1715 1894 tam

1096 1914 1166 1950 alte
1184 1912 1331 1948 infixam
1351 1910 1450 1947 haud
1461 1921 1592 1959 magna
1608 1921 1716 1958 opera

1095 1978 1115 2001 e
1145 1975 1295 2013 corpore
1312 1962 1448 2000 evellit.
1505 1974 1592 2010 34¹·
1620 1961 1717 1998 Dex-

1093 2027 1168 2054 tera
1186 2014 1380 2052 moribunda
1391 2028 1403 2051 .·
1422 2013 1538 2063 qualis
1549 2011 1615 2049 effe
1630 2011 1719 2049 solet

1096 2065 1306 2105 moribundi
1323 2064 1497 2109 hominis,
1516 2063 1688 2114 languida
1705 2077 1715 2101 :

1096 2119 1228 2171 pendet
1258 2123 1390 2160 ner-vis,
1417 2129 1480 2167 per
1509 2128 1650 2160 nervos,
1678 2115 1717 2161 h,

1093 2184 1126 2208 e.
1146 2169 1327 2214 tendines‚
1357 2169 1555 2219 ligamenta
1570 2176 1606 2204 et
1626 2166 1720 2204 mus-

1094 2222 1209 2261 culos.
1262 2220 1319 2258 Ita
1359 2220 1459 2257 enim
1501 2220 1618 2270 poe'tae
1652 2219 1718 2257 hae

1097 2287 1187 2311 voce
1203 2274 1428 2310 abutuntur:
1456 2285 1493 2310 v.
1523 2284 1558 2308 c.
1587 2270 1720 2316 Horat,

1097 2325 1116 2362 Ι
1152 2325 1278 2362 Carm.
1317 2328 1381 2366 28,
1423 2337 1481 2372 13·
1548 2322 1722 2360 Occurrit

1099 2386 1219 2414 tamen
1236 2386 1272 2413 et
1296 2374 1441 2427 proprie
1457 2373 1610 2421 dietum,
1664 2373 1721 2411 Ita

1101 2428 1273 2466 Macroh.
1304 2427 1394 2470 VII,
1423 2438 1448 2476 9
1466 2424 1628 2476 agnoscit
1646 2424 1722 2476 sep-

1102 2490 1174 2516 tem
1200 2491 1390 2516 nervorum
1410 2477 1578 2528 συζυγίας.
1634 2489 1722 2526 34²·

1102 2532 1218 2568 Color
1247 2530 1382 2580 ubique
1414 2529 1649 2570 Homericus,
1686 2539 1726 2566 ut

1101 2593 1137 2620 et
1172 2582 1211 2619 in
1245 2582 1316 2619 hoc
1348 2580 1451 2619 versu
1482 2591 1518 2617 et
1553 2580 1592 2617 in
1626 2579 1725 2630 sequ.

1093 2636 1203 2686 figere
1229 2644 1344 2671 contra
1371 2634 1477 2678 ’πῆξαι
1507 2632 1655 2682 ‹ivm-4:33
1685 2645 1726 2677 m

1104 2685 1252 2723 adverso
1270 2685 1392 2722 AEneae
1415 2697 1577 2734 corpore.
1631 2699 1726 2735 mag·

1105 2740 1256 2789 niqaef.
1286 2736 1335 2773 cf.
1356 2735 1462 2773 Iliad.
1481 2736 1520 2779 Ξῖ,
1542 2748 1628 2785 302.

1157 2802 1246 2840 345·
1292 2788 1452 2839 Clmffm,
1491 2788 1554 2841 qui
1590 2787 1732 2824 Latinis

1630 2839 1734 2876 Sahi0
