1847 3313
401 253 808 312 AENEIDOS,
861 249 1013 302 LIB.
1069 250 1137 305 X»
1335 270 1432 322 397

123 387 190 434 At
209 387 336 450 legio
360 386 627 433 AEneadum
650 384 787 431 vallis
809 384 983 432 obsessa
1006 396 1223 434 tenetur:
1341 402 1432 438 120

123 473 225 522 Nec
248 476 347 539 spes
370 478 467 524 ulla
489 476 632 539 fugae.
704 474 872 522 Miseri
892 475 1012 522 stant
1034 477 1239 525 turribus
1261 478 1369 527 altis

121 561 477 626 Nequidquam,
502 574 548 609 et
569 579 669 608 rara
692 578 849 609 muros
874 563 1063 611 cinxere
1085 581 1285 614 corona:

123 652 259 699 Afius
278 653 576 710 Imbrasides,
609 653 1012 716 Hicetaoniusque
1035 655 1336 719 Thymoetes,

123 744 425 813 Assaracique
444 745 555 800 duo,
577 756 623 791 et
644 743 798 791 senior
817 761 932 793 cum
948 746 1137 796 Castore
1156 751 1436 816 Thymbris,

125 832 285 881 Prima
301 835 441 881 acies.
492 833 598 880 Hos
618 835 834 896 germani
854 834 1135 897 Sarpedonis
1154 842 1315 901 ambo,
1343 861 1397 894 12
1405 860 1429 908 5

123 922 189 970 Et
214 925 378 972 Clarus
398 937 445 971 et
469 924 708 981 Themon,
734 924 883 986 Lycia
905 927 1199 977 comitantur
1218 931 1278 978 ab
1299 933 1411 982 alta.

124 1011 234 1059 Fert
258 1012 422 1076 ingens
445 1023 547 1059 toto
569 1012 799 1059 connixus
818 1027 1018 1076 corpore
1040 1015 1220 1077 saxum,

170 1172 245 1196 120.
269 1165 316 1196 At
337 1164 449 1197 Heins.
467 1164 587 1197 ecodd.
607 1175 665 1207 pro
681 1163 770 1207 vulg.
795 1166 861 1209 Ast.
910 1167 1042 1208 Zulich.
1059 1170 1118 1202 Ac.
1154 1171 1284 1212 flammis
1301 1173 1354 1218 obſs
1382 1184 1436 1217 pr.

125 1215 242 1248 Hamb.
259 1226 318 1258 pro
330 1228 398 1250 var.
414 1217 486 1249 leet.
581 1226 653 1249 121.
683 1220 744 1251 Nec
759 1219 789 1262 s.
804 1232 833 1249 u.
843 1219 936 1262 fugae
953 1221 1053 1263 miseris
1075 1222 1181 1263 Sprot.
1199 1224 1263 1255 duo
1279 1226 1437 1259 Rottend.

124 1275 157 1298 et
180 1268 489 1308 Dorvill.——123.
510 1270 614 1312 Jastus
641 1280 809 1311 perperam
832 1270 955 1301 editum
981 1271 1091 1313 paffim
1107 1281 1180 1305 ante
1197 1273 1304 1309 Heius.
1349 1280 1439 1320 Astus

122 1318 191 1359 jam
204 1319 326 1350 Pierius
337 1320 561 1351 emendaverat
578 1331 616 1352 ex
632 1322 734 1352 Rom.
780 1321 936 1363 Reliquas
951 1323 1146 1365 corruptelas
1161 1327 1330 1359 nominum
1345 1329 1378 1360 in
1400 1330 1436 1362 h.

128 1378 160 1399 v.
173 1369 279 1400 videat
291 1369 346 1411 qui
358 1369 444 1400 volet
460 1370 544 1412 apud
560 1372 685 1408 Burm.,
700 1371 733 1401 in
751 1371 839 1413 cujus
856 1372 932 1403 edit.
946 1371 1059 1404 vitiose
1071 1383 1234 1408 exaratum
1246 1378 1439 1413 Thimoetes.

127 1419 181 1450 Est
197 1420 283 1451 enim
301 1420 452 1459 Θυμοίτης.
548 1429 622 1458 124.
647 1423 691 1452 A.
709 1423 804 1453 domus
818 1423 873 1454 duo
889 1432 916 1454 et
939 1423 1000 1454 Ed.
1021 1435 1070 1466 pr.
1085 1436 1136 1467 ap.
1152 1427 1263 1460 Burm.
1289 1431 1394 1465 exlib.
1413 1434 1440 1472 1,

127 1469 204 1507 284.
240 1472 376 1514 Thybris,
393 1480 424 1503 et
435 1480 508 1503 ante
525 1472 636 1502 Heinf.
651 1473 766 1514 Tybris,
778 1482 965 1515 corruptum
978 1475 1136 1507 arbitror:
1164 1479 1337 1522 Qomodo
1349 1483 1438 1516 enim

126 1521 289 1563 Trojanus
310 1521 358 1552 vir
375 1525 483 1564 poetae
499 1532 517 1552 a
537 1522 650 1553 Tiberi
667 1524 867 1555 denominari
891 1526 1060 1557 commode
1074 1528 1180 1569 potuit
1197 1530 1210 1561 ?
1244 1533 1438 1575 Legendum

127 1572 292 1616 Thymbris‚
306 1573 392 1614 quod
408 1581 440 1604 et
451 1575 546 1606 Rom.
566 1574 663 1605 habet
678 1585 686 1606 :
712 1586 812 1617 eoque
828 1575 974 1608 alludunt
990 1577 1044 1608 alii
1061 1589 1112 1621 ap.
1134 1582 1257 1619 Burm.,
1275 1583 1308 1615 in
1323 1586 1440 1627 quibu·

126 1624 283 1661 Thimbris,
297 1623 434 1661 ‘I‘unbris‚
448 1624 595 1656 ‘Thimbris
610 1624 742 1667 legitur.
788 1626 860 1657 Fuit
873 1634 981 1658 antem
995 1628 1164 1670 Thymbra
1180 1633 1254 1664 urbs
1269 1642 1301 1666 et
1310 1636 1440 1677 fluvius,

68 1663 73 1668 ’
127 1674 180 1705 h-ic
196 1674 293 1705 etiam
307 1674 494 1716 Thymbris,
504 1675 653 1714 Troadis,
678 1676 745 1710 vid.
779 1677 870 1709 iliad.
899 1692 930 1717 κ,
953 1689 1030 1719 430,
1049 1680 1156 1723 ibique
1172 1685 1331 1726 Eustath.‚
1352 1689 1439 1720 unde

127 1725 345 1766 'Ihymbraeus
368 1726 498 1768 Apollo,
519 1725 559 1759 cf.
588 1729 647 1759 Ge.
672 1729 731 1766 IV,
754 1738 815 1768 323
834 1737 866 1760 et
884 1731 960 1762 Not.
1051 1740 1124 1773 125.
1145 1736 1247 1769 Prima
1261 1741 1320 1770 acie
1345 1741 1440 1773 malit

128 1776 299 1818 Trappius,
319 1775 451 1818 vulgare
467 1777 629 1819 amplexus
643 1789 702 1820 pro
714 1779 927 1821 exquisitiore.
974 1782 1063 1814 Tum
1077 1795 1126 1827 ap.
1148 1788 1237 1820 Serv.
1269 1790 1439 1834 interpun-

129 1828 217 1869 gitur
232 1827 270 1858 ab
283 1827 363 1866 aliis,
384 1829 471 1869 quod
487 1829 548 1860 Ge.
567 1829 591 1860 F
593 1829 692 1862 abric.
709 1830 848 1863 malebat
863 1843 872 1863 ε
896 1834 944 1864 hos
955 1838 1085 1875 germani
1094 1837 1263 1880 Sarpedonis
1277 1843 1364 1879 ambo,
1380 1843 1438 1885 (se.

130 1879 214 1922 filii),
235 1882 279 1912 Et
292 1880 575 1914 Clarus.--126.
600 1884 645 1914 Et
660 1883 762 1915 Clarus
777 1894 803 1915 et
818 1886 947 1916 Haemon.
993 1887 1099 1918 Locus
1113 1890 1277 1923 manifeste
1292 1893 1441 1936 inquina-

129 1937 180 1961 tus
195 1938 227 1961 et
244 1931 276 1961 in
287 1931 374 1973 leges
385 1931 534 1963 metricas
544 1943 689 1974 peccans,
709 1933 753 1965 ait
770 1935 926 1966 Heinsius.
970 1936 1020 1967 Sic
1037 1944 1144 1970 tamen
1161 1942 1260 1973 Rom.
1284 1954 1357 1976 cum
1372 1946 1443 1977 aliis

131 1981 216 2012 Pier.
235 1989 267 2012 et
284 1982 447 2013 Mediceus
461 1993 533 2013 curn
549 1983 619 2014 aliis
635 1984 762 2023 Heins.‚
778 1993 813 2016 ut
829 1994 920 2017 vetus
935 1987 1013 2018 adeo
1030 1992 1208 2033 corruptela
1223 1993 1275 2025 hic
1290 1995 1420 2028 infideat
1431 2014 1439 2028 :

130 2032 302 2075 scripturus
325 2033 412 2064 enim
437 2032 542 2065 fuisset
569 2038 690 2076 po‘eta:
716 2045 803 2079 atque
828 2039 957 2070 Haemon.
1006 2040 1155 2073 Heinsius
1178 2050 1281 2077 tentat
1303 2048 1390 2079 varie
1415 2059 1443 2080 et

133 2084 250 2114 Cnemon
281 2090 314 2114 et
337 2085 440 2115 Maeon
467 2091 499 2115 et
526 2087 677 2124 Memnon3
699 2086 753 2118 sed
775 2087 851 2119 talia
866 2088 992 2120 infinita
1004 2090 1096 2131 poffit
1112 2091 1224 2135 aliquis
1235 2097 1443 2130 comminisci.

131 2136 174 2166 Et
187 2136 289 2166 Clarus
305 2144 332 2166 et
343 2137 449 2166 Hemus
467 2137 528 2167 Ge.
543 2136 664 2168 Fabric.
681 2138 806 2179 probat,
819 2147 854 2171 ut
867 2140 902 2171 fit
919 2141 1032 2179 Clarus,
1046 2149 1082 2173 ut
1099 2143 1261 2185 Panthus;
1283 2148 1336 2179 sed
1350 2149 1441 2190 “Eme

131 2187 186 2218 vix
201 2186 348 2218 occurrit.
392 2188 439 2218 ‚Et
464 2189 567 2219 Daras
595 2189 707 2220 vitiose
730 2191 897 2223 nonnulli:
924 2192 1033 2223 multae
1050 2194 1147 2226 etiarn
1163 2197 1236 2230 edd.
1282 2200 1327 2231 Et
1339 2202 1444 2233 Clara:

132 2239 282 2274 Ethemon,
310 2236 362 2268 vel
379 2239 546 2269 AEthemon.
593 2240 739 2274 Parrhas.
765 2243 859 2274 clarus
875 2243 1002 2275 Thimon.
1049 2244 1125 2276 Duo
1140 2247 1296 2281 Rottend.
1315 2259 1347 2282 et
1360 2262 1379 2282 a
1394 2263 1441 2285 m.

130 2291 190 2322 sec.
208 2292 327 2321 Moret.
345 2296 422 2320 tert.
447 2298 474 2321 et
496 2291 527 2321 ‘T
524 2292 618 2322 hemon
632 2305 643 2324 .·
668 2293 793 2334 Θῆμωνς
817 2296 904 2336 quod
919 2295 1081 2337 equidem,
1109 2297 1131 2328 fi
1144 2299 1222 2340 quid
1235 2304 1441 2346 mutandum,

133 2353 205 2373 cum
222 2341 331 2372 Heius.
353 2341 430 2371 edit.
460 2340 639 2382 anipleelor
653 2355 660 2374 :
689 2344 836 2387 inprimis
852 2357 925 2377 cum
941 2348 1128 2389 corruptelae
1147 2351 1247 2383 causs'a
1262 2353 1294 2384 in
1311 2364 1441 2397 promtu

134 2392 181 2424 sit.
227 2393 301 2423 liaca
324 2392 356 2423 in
378 2392 464 2423 Gud.
480 2403 517 2423 ex
534 2393 614 2424 vitio
630 2394 793 2427 scribentis
810 2408 868 2438 pro
890 2398 966 2434 licia,
990 2401 1094 2441 Lycia,
1121 2408 1154 2431 et
1170 2403 1255 2434 erasa
1270 2415 1331 2436 vox
1354 2413 1445 2438 ante·

133 2444 268 2475 cedens:
306 2444 390 2474 unde
417 2443 529 2475 Heius.
556 2446 688 2487 putabat
711 2447 801 2480 fuisse
824 2458 850 2480 et
866 2451 967 2482 Haemo
988 2452 1082 2482 Iliaca
1097 2464 1122 2484 c.
1155 2454 1193 2485 ab
1209 2456 1277 2488 Ida.
1320 2458 1445 2491 Pierius

134 2495 307 2526 nonnullus
323 2495 440 2526 habere
457 2495 589 2528 testatur
613 2499 668 2530 Ida
693 2511 718 2531 c.
744 2500 782 2532 ab
808 2502 882 2540 alta,
913 2501 1051 2543 peilime.
1095 2505 1285 2545 Sarpedonis
1298 2507 1410 2540 fratres
1425 2520 1443 2539 e

135 2547 235 2588 Lycia
251 2546 378 2577 oriundi
393 2545 453 2576 effe
469 2546 620 2582 debuere.
668 2552 761 2592 Lycia
787 2553 861 2590 alta,
889 2552 1003 2590 nobili,
1034 2552 1129 2590 clara,
1157 2562 1194 2586 ut
1217 2555 1293 2587 alias
1314 2568 1444 2600 quoque

131 2601 243 2640 *poetae
260 2597 321 2628 hoc
342 2597 509 2638 epitheton
532 2598 764 2642 frequentatur.
809 2606 957 2635 comitatur
980 2604 1053 2635 edd.
1082 2604 1159 2635 Ald.
1186 2606 1277 2647 Junt.
1321 2609 1359 2640 ab
1376 2615 1443 2642 aHa

136 2647 236 2679 Goth.
254 2655 327 2679 tert.
416 2657 490 2689 127.
514 2662 538 2683 c.
554 2656 665 2693 peHore
685 2664 735 2696 pr.
755 2655 877 2686 Hamb.

136 2732 244 2771 Iliad.
274 2751 318 2779 μ,
355 2748 415 2786 35.
454 2739 516 2786 36.
571 2745 602 2772 et
632 2743 758 2775 moenia
823 2752 894 2789 que
928 2740 1044 2790 ignes,
1089 2738 1196 2776 aliter
1229 2739 1367 2777 dietum
1401 2752 1446 2778 ac

135 2791 261 2837 :ingere
264 2789 430 2834 flammis,
443 2786 638 2827 immittere
651 2789 758 2828 undi-
822 2791 901 2843 sup.
945 2791 1022 2836 IX,
1065 2794 1147 2831 160.
1203 2792 1304 2841 stant
1330 2799 1445 2843 prima

1340 2857 1444 2890 acle53
