1847 3313
395 286 491 335 '128
753 275 1356 333 EXCURSUSII

398 421 628 467 meminisset,
655 434 721 472 pro
748 433 837 471 pane
865 420 922 456 vel
956 420 1134 469 placenta,
1160 431 1240 468 quae
1267 414 1392 467 priscis
1409 410 1620 451 hominibus
1639 417 1712 462 pro

396 496 489 534 pane
518 492 608 526 erat,
637 494 748 532 genus
776 479 986 530 exquisitius
1016 480 1151 517 σελήνας
1178 486 1237 513 aut
1257 475 1427 526 τξκπέζας
1443 475 1615 513 σεληναίας
1642 483 1709 521 po*

399 551 525 586 neret3
558 542 620 579 etsi
651 541 709 578 vel
743 539 788 577 fic
821 539 892 575 alia
925 538 1117 575 difficultas
1145 545 1279 580 manet,
1316 536 1413 586 quod
1447 547 1520 571 non
1552 535 1710 571 σεληναῖω

399 608 583 640 mamb-rx
600 600 662 638 illa
681 600 792 640 dina,
821 597 880 634 sed
899 600 1089 635 ἐπισέληνα.
1146 594 1274 644 Neque
1304 604 1422 630 autem
1449 593 1539 630 adeo
1570 592 1711 641 impro-

399 660 521 698 babile
548 659 602 703 fit,
619 659 728 696 etiam
747 657 818 693 sine
843 654 1099 692 vocabulorum
1118 652 1241 689 sonive
1260 653 1385 689 fraude
1403 651 1448 688 ad
1465 651 1587 701 apium
1605 660 1716 700 panes

398 718 459 756 seu
489 719 668 769 placentas
701 713 834 752 deduci
862 712 1023 763 potuisse.
1080 711 1149 748 Fac
1186 708 1287 748 fuisse
1316 710 1488 760 aliquem,
1519 708 1597 759 qui,
1627 719 1714 745 cum

399 778 588 815 oraculum
608 775 758 814 omnino
781 771 1051 824 pronuntiasset,
1082 771 1178 809 sedes
1195 770 1272 807 fore
1289 783 1331 807 co
1358 770 1455 813 loco,
1484 780 1558 818 quo
1577 765 1715 804 mensas

399 838 508 875 essent
525 834 722 874 absumturi
748 830 918 883 Trojani,
949 841 1010 868 aut
1051 825 1133 869 cum
1168 830 1219 867 rei
1249 839 1410 873 eventus,
1441 841 1514 864 non
1533 827 1716 864 declarata

399 896 486 934 satis
503 896 642 934 ratione
661 908 702 932 ac
729 893 856 937 modo,
884 902 1043 928 narratus
1068 890 1164 932 esset,
1191 898 1229 925 ut
1260 901 1280 924 a
1309 887 1550 937 Lycophrone
1579 878 1715 922 factum

403 956 529 994 videas
561 968 598 992 v.
645 963 912 1003 1250—1253,
947 949 1119 987 deduffitos
1154 948 1333 998 Trojanos
1368 946 1406 982 in
1438 944 1581 982 Italiam
1615 943 1719 981 etin

403 1015 516 1054 herba
551 1013 759 1051 recubantes
793 1011 993 1054 exhiberet,
1029 1019 1070 1045 ut
1104 1007 1284 1057 Virgilius
1319 1005 1434 1051 fecit3
1480 1003 1611 1055 quidni
1649 1016 1717 1054 pro

404 1075 532 1113 mensis
549 1073 690 1111 dederit
719 1071 845 1109 herbas
870 1070 961 1107 cibis
991 1068 1203 1106 substratas?
1230 1079 1385 1116 cumque
1405 1078 1463 1102 eas
1495 1063 1586 1114 ipsas
1611 1063 1720 1101 effent

406 1133 614 1178 comesturi,
649 1145 761 1184 genus
789 1131 859 1167 tale
890 1141 1022 1180 ponere
1057 1127 1198 1171 debuit,
1232 1126 1330 1176 quod
1363 1125 1469 1162 edule
1503 1124 1584 1160 effet
1615 1131 1651 1159 et
1678 1121 1722 1159 in

405 1192 538 1231 talibus
571 1192 662 1230 locis
695 1191 868 1241 frequens.
923 1188 1016 1224 Tale
1047 1197 1166 1223 autem
1204 1185 1327 1236 apium
1358 1184 1440 1228 effe,
1474 1195 1580 1220 nemo
1610 1180 1722 1219 facile

406 1252 568 1304 ignorat,
597 1251 663 1289 nist
683 1249 791 1288 verba
809 1249 900 1286 forte
919 1260 959 1284 ac
979 1247 1084 1284 sonos
1115 1244 1252 1282 discere
1283 1258 1322 1281 ac
1349 1254 1468 1281 tenere
1495 1240 1721 1280 consueverit

408 1312 559 1351 notione
586 1311 686 1349 nulla
714 1309 885 1359 subjecta.
939 1306 1038 1344 Nam
1057 1305 1336 1342 condonandum
1366 1304 1412 1341 est
1434 1303 1504 1340 viri
1529 1301 1720 1340 dofiiffimi

408 1372 598 1423 elegantiae
623 1370 719 1422 quod
750 1370 842 1407 inter
872 1377 997 1404 caetera
1027 1365 1167 1417 posuit:
1201 1366 1338 1414 Vidfiitz
1357 1365 1535 1414 quidquam
1566 1363 1738 1412 inficetius⁴

409 1443 472 1472 aut
493 1430 664 1469 ridiculam
682 1435 786 1480 magis
801 1432 822 1466 ἓ
855 1427 1015 1478 Trojanos
1028 1435 1090 1473 pro
1112 1426 1226 1474 mensis
1255 1423 1376 1472 apium
1407 1421 1601 1470 adhibuffi,
1626 1430 1726 1471 atque

409 1509 445 1531 eo
460 1493 610 1542 denique,
639 1504 722 1526 more
738 1488 927 1537 Afinorum,
946 1488 1037 1534 vrjsci
1056 1487 1201 1534 potuffi.
1258 1481 1348 1518 Non
1367 1481 1538 1531 affcquor,
1556 1478 1644 1530 quid
1663 1478 1725 1516 ille

412 1551 460 1589 de
477 1552 546 1589 hac
565 1550 689 1600 planta
704 1546 876 1584 statuerit.
930 1545 1003 1581 Etsi
1030 1543 1126 1580 enim
1153 1541 1226 1592 apii
1252 1553 1382 1577 nomen
1410 1539 1517 1576 latius
1543 1547 1655 1590 patet,
1687 1546 1725 1575 et

410 1612 591 1649 incertum
616 1607 678 1651 est,
697 1606 800 1656 quale
818 1604 890 1655 apii
908 1616 1019 1655 genus
1036 1613 1186 1639 veterum
1214 1607 1326 1651 apium
1355 1599 1412 1642 fit,
1441 1611 1525 1635 cum
1550 1597 1615 1634 alii
1638 1609 1723 1634 cum

411 1668 614 1709 Matthiolo
626 1665 853 1716 petroselinum
871 1664 1044 1705 nostrum,
1072 1660 1134 1698 alii
1153 1661 1307 1697 nostrum
1328 1658 1446 1708 Celet-y
1463 1657 1503 1695 id
1520 1656 1725 1694 habendum

413 1732 481 1769 esse
514 1731 667 1767 statuant
704 1730 842 1773 (verum
878 1723 1000 1776 apium
1038 1723 1076 1759 in
1109 1721 1273 1772 AEgypto
1309 1720 1343 1757 se
1375 1719 1536 1770 reperisse
1572 1716 1729 1767 Alpinus

413 1805 487 1830 rer.
518 1790 671 1839 AEgypt.
701 1786 775 1830 HI,
804 1798 844 1836 9,
874 1800 911 1836 p.
949 1785 1017 1833 158
1051 1782 1242 1824 afferebat3
1271 1790 1347 1816 erat
1367 1780 1411 1817 de
1430 1792 1473 1816 eo
1490 1776 1650 1815 narratio
1668 1790 1728 1827 ap.

416 1851 720 1898 Theopompum,
760 1845 826 1881 lib.
846 1842 942 1880 VIII
965 1840 1176 1891 Philippic„
1206 1849 1244 1876 ut
1272 1852 1317 1876 ex
1344 1838 1508 1875 Theonis
1534 1837 1730 1887 Progyrnn.

417 1922 447 1948 2
476 1906 678 1956 intelligo),
704 1914 823 1942 manet
853 1912 973 1940 tamen
1000 1901 1087 1944 hoc,
1121 1899 1216 1937 inter
1245 1897 1368 1935 edulia
1395 1896 1488 1933 illud
1519 1895 1632 1933 fuisse.
1689 1893 1730 1931 Si

415 1978 538 2007 tamen
569 1965 699 2004 fabulae
728 1963 842 2001 caussa
868 1972 903 1999 et
937 1961 1029 1998 ratio
1060 1973 1080 1996 a
1107 1959 1300 1997 verborum
1318 1957 1395 1994 lusu
1415 1955 1616 1994 revocanda
1632 1954 1730 1996 effer,

418 2029 562 2083 potiore
594 2027 678 2063 Ioco
710 2024 879 2062 haberem
916 2020 1079 2058 Fabricii
1114 2019 1161 2056 ad
1197 2018 1356 2055 Dionem
1390 2016 1648 2065 conjet‘turam,
1684 2025 1731 2052 ex

421 2086 684 2142 permutatione
713 2097 841 2122 vocum
873 2089 981 2127 τῆλις,
1016 2081 1116 2132 quod
1144 2080 1282 2117 foenum
1316 2091 1489 2129 graecum,
1523 2075 1638 2113 filicia
1669 2076 1732 2118 est,

425 2150 521 2188 unde
540 2149 661 2186 τήλινον
689 2145 747 2183 Vel
766 2146 888 2184 στ’)λινον
907 2144 1036 2192 ἅλευξου
1064 2141 1220 2184 elifium,
1245 2149 1306 2176 aut
1326 2139 1419 2175 forte
1445 2150 1489 2174 CX
1515 2149 1602 2173 voce
1629 2137 1734 2173 τηλία

420 2211 479 2249 vel
510 2209 630 2250 σηλιά,
661 2219 740 2256 quae
773 2204 946 2255 pistorum
977 2214 1060 2240 arca
1089 2200 1147 2238 vel
1177 2199 1298 2236 tabula
1332 2196 1568 2235 frumentaria
1598 2196 1662 2240 est,
1693 2195 1735 2232 in

422 2273 544 2308 σέλινον
573 2266 730 2316 aliquem
758 2263 934 2302 indicisse.
989 2261 1074 2305 Sed,
1107 2269 1147 2296 ut
1177 2258 1353 2302 diximus,
1385 2256 1510 2293 alienae
1536 2254 1616 2291 sunt
1644 2267 1665 2290 a
1698 2266 1736 2290 re

424 2330 516 2367 tales
534 2326 707 2377 argutiae3
738 2338 802 2361 nce
824 2337 875 2361 res
894 2321 981 2360 tanti
1001 2321 1063 2365 est,
1090 2329 1130 2356 ut
1160 2318 1297 2355 diutius
1314 2317 1349 2354 ei
1378 2317 1562 2353 inhaereas.
1614 2313 1735 2352 Nobis

424 2388 471 2425 de
488 2387 606 2438 poe‘tae
622 2383 740 2436 copiis
759 2383 920 2420 instituta
943 2389 1016 2417 erat
1033 2378 1248 2429 disputatio.

476 2447 646 2483 Alterum
675 2441 904 2495 prodigium,
934 2439 1034 2490 quod
1063 2435 1236 2487 Trojanis
1264 2435 1303 2471 in
1335 2446 1427 2470 nova
1443 2442 1538 2469 terra
1555 2431 1737 2481 objefium

424 2507 512 2553 fuit,
536 2509 583 2545 est
601 2505 655 2543 sus
673 2518 755 2543 cum
773 2502 896 2541 XXX
915 2500 1079 2539 fretibus.
1105 2513 1141 2536 v.
1171 2496 1285 2540 VIII,
1315 2497 1357 2532 81
1383 2493 1483 2544 sqq.;
1515 2492 1637 2530 fabula
1654 2491 1738 2542 qui-

426 2569 510 2606 dem
529 2565 623 2604 nihil
641 2577 704 2615 per
721 2564 755 2601 se
772 2562 906 2600 habens
921 2561 977 2597 vel
994 2556 1200 2609 dignitatis,
1230 2556 1287 2592 vel
1304 2553 1500 2597 suavitatis,
1529 2565 1599 2602 qua
1618 2561 1740 2588 tamen

426 2627 490 2665 vix
523 2626 594 2663 alia
628 2624 722 2660 inter
757 2621 939 2659 Romanas
972 2617 1128 2668 origines
1161 2613 1386 2653 celebratior.
1441 2610 1544 2648 Nam
1580 2609 1739 2648 Lavinio

427 2685 618 2724 condendo
651 2684 767 2726 locus,
804 2690 840 2717 et
875 2679 952 2733 post
993 2676 1118 2714 XXX
1168 2687 1279 2713 annos
1322 2671 1543 2709 deducendae
1586 2669 1740 2706 colonia:

427 2746 538 2784 Albae
574 2744 712 2793 Longce
750 2751 903 2791 tempus,
933 2737 982 2774 ab
1009 2749 1053 2773 eo
1082 2736 1218 2773 ostento
1252 2732 1328 2784 peti
1363 2731 1510 2768 solebat.
1574 2728 1739 2765 Vetusta-

428 2814 502 2843 tem
531 2803 606 2855 ipsa
634 2802 793 2839 declarat
822 2795 1004 2837 immundi
1031 2793 1223 2833 animantis
1252 2789 1565 2832 commemoratio,
1595 2788 1641 2824 ab
1670 2788 1740 2825 ele-

428 2863 596 2920 gantiore
628 2874 704 2899 aevo
738 2858 944 2899 abhorrens.
1000 2854 1166 2893 Omnino
1183 2850 1300 2906 prisca
1327 2849 1432 2888 Italia
1464 2860 1612 2900 magnos
1637 2845 1741 2885 suum

610 2921 636 2968 ζ).
1614 2918 1744 2960 greges
