1847 3313
366 292 782 355 AENE1D08‚
831 297 982 344 ΜΒ.
1034 295 1171 343 vm.
1326 311 1418 359 243

98 431 199 479 Nec
224 448 316 478 non
343 431 657 493 Tarquinium
682 430 885 494 ejedhxm
903 430 1100 477 Porsena
1117 429 1319 494 jubebat

95 522 351 585 Adcipere,
386 521 662 585 ingentique
687 521 855 567 urbem
882 521 1123 568 obsidione
1143 517 1418 583 premebat3

93 611 320 659 AEneadae
343 613 389 658 in
416 613 592 658 ferrum
617 628 706 674 pro
731 612 951 658 libertate
978 611 1190 657 ruebant.

92 702 236 750 Illum
261 704 530 767 indignanti
555 703 778 760 similem,
812 703 1112 767 similemque
1137 702 1341 750 minanti

89 793 399 856 Adspiceres;
435 807 632 857 pontem
652 795 846 842 auderet
871 796 999 858 quod
1025 795 1197 842 vellere
1225 792 1412 850 Cocles,

88 882 152 929 Et
175 884 373 931 fiuvium
399 886 568 933 vinclis
593 887 777 932 innaret
806 886 982 934 Cloelia
1003 886 1173 949 ruptis,
1313 885 1404 948 651

91 971 148 1017 In
170 971 355 1020 summo
378 975 528 1021 custos
555 975 777 1038 Tarpeiae
803 975 1014 1021 Manlius
1038 974 1159 1021 arcis

87 1059 250 1107 Stabat
283 1078 371 1124 pro
397 1063 596 1126 tempIO,
631 1077 676 1111 et
702 1064 941 1128 Capitolia
964 1065 1082 1111 celsa
1106 1064 1313 1120 tenebat,

86 1147 442 1213 *Romuleoque
467 1169 625 1200 recens
651 1154 875 1200 horrebat
900 1154 1031 1217 regia
1056 1153 1236 1200 culmo.

83 1239 243 1303 Atque
265 1240 342 1288 hic
360 1243 532 1289 auratis
557 1244 757 1291 volitans
783 1257 1030 1309 argenteus
1055 1244 1186 1297 anser
1307 1227 1401 1307 655

126 1370 201 1409 646.
229 1373 405 1415 ‘Tarquitnmz
421 1376 505 1406 Vcn.
528 1376 668 1409 Dorvill.
692 1378 750 1408 Ed.
771 1379 854 1410 Ven.
874 1386 905 1410 et
921 1378 977 1416 al„
998 1386 1034 1410 ut
1065 1388 1098 1410 et
1125 1377 1201 1410 alibi
1226 1377 1403 1408 aberratur.

82 1421 204 1465 Porfina
219 1425 314 1456 multi
328 1426 437 1467 passim
454 1438 527 1458 cum
544 1429 655 1466 Rom„
677 1437 713 1460 ut
730 1441 777 1471 ap.
795 1431 928 1461 Livium
954 1441 1094 1472 quoque,
1115 1431 1181 1461 vid.
1199 1431 1343 1460 Gronov.
1369 1433 1403 1458 et

80 1474 245 1508 Drakenb.
264 1477 303 1507 ad
315 1477 369 1508 lib.
396 1479 435 1516 H,
461 1489 493 1519 9.
541 1481 662 1511 Graecis
684 1484 820 1524 Παξσῒνος,
844 1481 996 1525 Πορσήνας,
1017 1482 1172 1525 Πορσίνας
1205 1490 1238 1511 at
1262 1481 1404 1519 Poaefinnoe

80 1526 177 1558 etiam
208 1528 489 1567 Medic.———647.
514 1533 694 1572 ingentemque
711 1533 794 1564 Gud.
813 1543 831 1563 a
846 1543 890 1562 m.
906 1543 955 1574 pr.
1045 1534 1063 1563 6
1066 1542 1118 1571 50.
1143 1534 1210 1573 quia
1226 1545 1258 1562 v.
1289 1539 1402 1561 omnes

81 1577 166 1609 Pier.
183 1586 213 1610 et
225 1578 400 1618 Heinfiani,
427 1580 578 1612 Mediceo
594 1593 659 1613 non
676 1592 818 1625 excepto.
861 1586 909 1625 qai
923 1584 1064 1625 agnoscit
1092 1585 1158 1626 Jul.
1188 1584 1305 1624 Pomp.
1351 1585 1402 1622 qui

75 1631 198 1663 avellere
211 1641 292 1661 unus
302 1631 386 1663 Pier.
434 1634 592 1674 audentque
606 1636 724 1664 avellere
739 1636 837 1666 Rom.
879 1637 949 1676 quod
961 1634 1072 1676 vulgg.
1087 1643 1118 1665 et
1133 1636 1243 1665 Franc.
1289 1634 1336 1674 qm‘
1347 1644 1402 1662 au·

77 1685 152 1712 deret
166 1683 267 1712 vellere
290 1684 348 1714 Ed.
375 1685 458 1714 Ven.
507 1685 613 1715 cochles
640 1686 758 1718 Medic,
851 1686 926 1725 651.
952 1688 996 1717 At
1019 1687 1113 1719 Leid.
1164 1688 1268 1724 Clario,
1291 1686 1400 1723 Gloria,

79 1733 186 1770 coclea,
208 1734 309 1771 Caelia,
334 1735 446 1771 Gordia,
471 1736 571 1771 Delia,
593 1738 698 1774 Deria,
720 1737 858 1767 monstra
874 1737 1090 1769 librariorum.
1139 1739 1263 1780 ruptis-1⁸.
1284 1737 1315 1767 C.
1331 1739 1400 1767 vin-

75 1784 124 1813 clis
142 1783 286 1814 Parrhas.
378 1785 453 1824 652.
481 1788 599 1818 Malius
616 1789 726 1824 Rom„
749 1789 801 1819 alii
815 1788 953 1819 Pieriani
970 1795 1000 1820 et
1017 1789 1159 1830 plerique
1176 1788 1286 1819 Heius.
1307 1789 1399 1818 Mal-

73 1834 304 1875 lius.—---653.
326 1843 382 1877 pro
408 1838 518 1878 temph's
551 1838 650 1868 Goth.
682 1845 755 1869 tert.
846 1839 1069 1878 654.'Rumoleo
1085 1841 1183 1870 Rom.
1206 1839 1331 1869 'Totus
1345 1838 1399 1870 hic

76 1885 184 1916 versus
198 1885 381 1927 scrupulum
399 1887 512 1929 injicit.
559 1891 674 1919 Romuli
688 1891 776 1930 caſsan
792 1889 824 1919 in
851 1890 1013 1932 Capitolio
1031 1890 1121 1921 fuiffe
1144 1901 1239 1922 nemo
1255 1890 1395 1922 dubitet.

74 1948 104 1970 v.
122 1938 252 1970 Vitruv.
272 1940 311 1977 ΙΙ,
332 1948 362 1978 Ι,
388 1940 477 1978 alios,
499 1952 579 1983 quos
603 1943 707 1973 Cei-da
733 1943 855 1982 laudat,
880 1951 911 1974 et
943 1945 1040 1976 Ovid.
1061 1944 1139 1975 Fast.
1159 1945 1215 1982 111,
1241 1943 1302 1985 189
1320 1943 1391 1985 sqq.

75 1991 136 2022 Sed
153 1992 350 2023 mentionem
368 1993 435 2034 ejus
460 1993 512 2024 hie
533 1994 651 2025 sanam
683 1995 777 2027 video
803 2003 869 2027 tam
896 1997 1094 2038 importune,
1119 2005 1154 2028 ut
1171 1997 1252 2028 nihil
1268 1996 1393 2038 magis3

75 2052 150 2074 nam
166 2052 223 2072 nec
241 2042 397 2074 struetura
413 2054 471 2074 nec
483 2044 638 2075 sententia
653 2045 720 2076 ullo
747 2057 820 2078 eum
844 2047 971 2078 versum
988 2049 1116 2079 vinculo
1133 2047 1391 2089 comprehendit.

75 2094 156 2125 Casa
172 2093 255 2125 nude
273 2104 523 2127 commemorata
539 2097 689 2138 quorsum
702 2098 813 2129 referri
829 2098 924 2130 debet
938 2100 949 2129 ?
973 2101 1014 2131 Et
1030 2108 1099 2131 turn
1115 2101 1289 2142 sequnntur
1303 2113 1393 2130 aura-

71 2152 113 2175 tae
122 2148 256 2186 porticus.
303 2146 383 2189 Qae
403 2147 532 2178 tandem
548 2147 616 2178 haec
627 2149 823 2190 paupertatis
839 2159 870 2180 et
901 2150 1032 2181 luxuriae
1065 2152 1098 2182 in
1125 2151 1262 2182 eundem
1281 2150 1391 2183 locum

71 2194 288 2227 coacervatio!
334 2197 381 2226 At
398 2209 484 2226 recens
500 2200 575 2239 regia
589 2198 606 2227 ?
639 2199 671 2228 in
688 2206 777 2230 tanto
794 2207 977 2241 temporum
1001 2201 1170 2234 intervallo
1197 2202 1270 2233 inde
1287 2213 1304 2233 a
1321 2204 1390 2234 Ro-

70 2245 159 2276 mulo
171 2246 211 2276 ad
227 2246 404 2279 Manlium.
449 2249 518 2279 Nec
529 2259 579 2280 res
595 2251 774 2291 expeditur,
796 2251 818 2282 fi
832 2252 955 2294 regiam
972 2252 1010 2282 de
1027 2252 1093 2294 ipso
1106 2253 1268 2295 Capitolio
1278 2262 1310 2284 et
1331 2256 1389 2296 Jo-

71 2298 119 2328 vis
135 2297 257 2339 templo
272 2298 417 2340 accipias.
462 2302 595 2332 Manent
612 2302 698 2332 enirn
711 2302 844 2344 reliqua,
869 2303 900 2334 in
917 2303 1030 2344 quibus
1055 2304 1247 2337 laboramus,
1296 2305 1387 2339 Alie-

72 2359 150 2379 num
167 2350 274 2390 itaqne
286 2357 317 2379 et
327 2350 411 2380 mala
427 2361 523 2382 manu
539 2352 664 2383 illatum
683 2354 807 2385 versum
831 2354 891 2386 effe
913 2354 1062 2391 arbitror.
1153 2357 1227 2396 655.
1249 2357 1311 2388 hino
1326 2357 1386 2389 ali-

69 2408 148 2442 quot
164 2401 250 2432 Pier.
269 2411 349 2431 unus
360 2402 468 2435 Heius.
484 2410 516 2434 et
532 2413 612 2435 unus
624 2405 731 2437 Burm.

121 2506 338 2560 646—651.
383 2507 466 2546 Liv.
497 2510 550 2554 ΙΙ,
585 2523 608 2561 9
637 2511 688 2562 sq.
753 2518 840 2550 arcis
869 2512 1040 2564 ‘Tarpeia
1111 2517 1199 2566 654.
1227 2516 1382 2557 Viseba-

71 2558 216 2598 Effieius
248 2570 367 2597 autem
395 2561 568 2598 Porsenna
601 2564 690 2600 stans
753 2574 811 2601 tur
843 2577 951 2615 porro
968 2565 1007 2602 in
1025 2566 1228 2617 Capitolio,
1253 2581 1381 2619 praetet

68 2612 116 2648 ad
131 2610 311 2649 Tiberim.
367 2614 453 2662 650.
468 2624 596 2662 pontem
608 2614 688 2651 sub·
753 2617 944 2666 templum,
971 2617 1051 2654 casa
1086 2620 1220 2656 recenti
1252 2621 1376 2659 culmo

69 2661 214 2705 licium,
242 2663 394 2699 evellens
410 2665 526 2701 trabes
542 2664 691 2703 sublicis
751 2668 858 2711 testa,
883 2667 985 2718 regia
1000 2666 1149 2706 Romuli
1164 2670 1274 2709 dina.
1305 2670 1378 2710 Pro

67 2714 260 2764 impositas.
297 2714 420 2753 vinclis
437 2722 554 2765 ruptis,
573 2716 688 2768 fimpl.
751 2730 827 2756 erat
852 2730 976 2756 ornate
994 2720 1161 2760 horrebat.
1216 2723 1274 2760 De
1308 2737 1376 2762 εκ..

67 2765 114 2802 de
132 2764 291 2802 custodia
308 2766 574 2816 accipiendum.
752 2770 837 2807 teris
871 2770 948 2809 vid.
986 2770 1077 2810 Var.
1107 2772 1208 2811 Leist.
1280 2777 1371 2827 655.

119 2818 337 2869 652-662.
364 2816 447 2854 Liv.
468 2816 520 2862 V,
539 2833 602 2870 47.
642 2821 688 2858 In
752 2821 845 2873 Qae
870 2820 1080 2872 sequuntur,
1107 2825 1254 2875 poetica
1272 2824 1370 2871 sunt,

53 2870 182 2920 summo
199 2881 272 2910 uon
286 2867 418 2920 clipei:
440 2868 504 2908 sed
517 2873 688 2923 insummo
749 2884 940 2976 norquuae
971 2873 1081 2914 facile
1107 2875 1154 2917 ab
1176 2876 1312 2914 artifice
1329 2875 1371 2915 in

866 2938 888 2964 2
1222 2929 1372 2968 metallo
