1847 3313
326 281 787 344 AENEIDOS,
846 286 1011 336 LIss.
1059 289 1148 337 XI.
1306 305 1395 356 545

85 417 234 483 quue
247 420 419 484 placet,
436 435 715 487 tantumque
732 424 867 472 bonis
881 427 1218 475 communibus
1233 426 1366 475 obsto
1383 446 1397 476 2

83 509 200 556 Non
221 511 339 558 adeo
363 512 442 559 has
464 513 599 560 exosa
623 531 788 561 manus
813 514 1022 563 Victoria
1046 518 1188 580 fugit,
1298 517 1396 578 436

85 599 157 646 Ut
180 612 307 648 tanta
329 604 592 667 quidquam
615 621 703 666 pro
728 606 808 669 spe
833 619 1014 654 tentare
1037 608 1266 654 recusem.

12 704 15 708 ·
83 687 173 734 Ibo
187 691 356 738 animis
374 707 564 741 contra:
590 695 663 740 vel
681 712 913 760 magnum
927 699 1120 761 praestet
1138 698 1399 752 Achillem,

83 776 317 842 Facstaque
341 780 538 828 Volcani
555 784 774 829 manibus
796 787 925 847 paria
948 785 1112 833 induat
1135 803 1265 833 arma

84 867 170 914 Ille
190 869 317 916 licet.
385 870 532 917 Vobis
553 871 763 918 animam
790 873 909 919 hanc
934 873 1190 936 soceroque
1223 875 1397 923 Latino

84 955 275 1004 Turnus
309 972 415 1020 ego,
451 958 574 1005 haud
599 959 684 1005 ulli
716 972 930 1009 veterum
956 962 1127 1009 virtute
1151 962 1397 1020 secundm,

83 1046 288 1095 Devovi.
339 1048 502 1095 Solum
527 1049 700 1097 AEneas
726 1063 878 1098 vocat.
914 1052 992 1109 Et,
1007 1066 1147 1100 vocet
1163 1070 1263 1101 oro.
1300 1070 1393 1117 442

82 1138 186 1210 Nec
212 1138 424 1185 Drances
446 1140 620 1201 potius,
645 1140 738 1188 five
762 1144 826 1190 est
850 1143 954 1190 haec
980 1143 1049 1190 ira
1065 1144 1284 1204 deorum,

83 1230 246 1278 Morte
267 1232 391 1286 luat;
427 1231 522 1279 five
545 1233 609 1279 est
631 1234 776 1282 virtus
801 1246 847 1281 et
868 1236 1034 1298 gloria,
1061 1237 1215 1286 tollat.

146 1322 225 1370 Illi
249 1322 352 1370 haec
375 1323 498 1370 inter
517 1324 563 1371 se
587 1323 744 1371 dubiis
768 1324 826 1372 de
847 1326 985 1374 rebus
1010 1329 1213 1391 agebant
1293 1346 1390 1396 445

127 1457 202 1490 439.
221 1451 324 1493 patria
353 1452 372 1482 ι’.
401 1463 484 1483 arma
506 1451 569 1483 duo
591 1452 702 1485 Burm.
761 1467 764 1469 ·

793 1463 868 1492 440.
893 1455 952 1487 Illa
977 1457 1043 1487 licet
1063 1467 1110 1499 pr.
1135 1458 1256 1490 Mox-et.
1302 1458 1351 1489 Ire
1373 1455 1394 1488 l.

83 1498 197 1530 Parth.
242 1501 310 1531 libet
334 1501 603 1543 Bigot.—-—442.
630 1506 772 1536 Devoveo
799 1513 878 1537 vett.
909 1507 983 1538 edd.
1011 1515 1043 1539 et
1066 1508 1214 1551 delnceps
1238 1508 1396 1551 vulgatae.

82 1551 206 1582 Devovi
228 1552 340 1583 Heins.
367 1564 384 1583 e
414 1553 497 1586 Pier.
529 1562 561 1585 et
581 1555 643 1586 suis
666 1556 826 1589 omnibus.
880 1560 1003 1591 Devivo
1027 1561 1124 1592 Rom.
1171 1564 1284 1594 AEnfas
1303 1562 1393 1603 solum

82 1601 164 1632 alter
182 1602 298 1633 Hamb.
337 1604 372 1636 S.
388 1605 431 1636 A.
447 1608 567 1637 vocat?
591 1617 661 1637 cum
677 1607 930 1650 interrogatione
949 1612 1007 1642 Ge.
1027 1611 1148 1642 Fabric.
1186 1622 1248 1643 orat
1261 1613 1394 1655 Hilgen.

79 1663 155 1683 omen
178 1652 236 1683 sec.
251 1654 408 1685 Rottend.

83 1702 241 1734 Montalb.

80 1754 133 1785 biis
147 1754 213 1785 dum
229 1755 311 1786 rebus
333 1755 418 1797 conj.
443 1757 555 1789 Burm.

81 1867 272 1906 tantumque
291 1855 324 1893 b.
341 1872 368 1894 c.
385 1855 465 1907 obsto
479 1871 491 1894 :
516 1868 552 1895 et
568 1858 604 1896 in
626 1869 704 1896 tan-

82 1918 158 1945 tum
171 1907 297 1944 obsum
311 1909 516 1946 commodis
533 1910 703 1960 publicis,

81 1968 136 2002 ut,
156 1957 219 1996 nisi
240 1958 333 1996 solus
351 1959 587 2005 dimicavero,
616 1976 702 1999 con-

80 2007 179 2047 cidat
208 2010 369 2047 universa
398 2011 487 2062 resp.
541 2014 600 2050 Sic
621 2014 701 2051 Ser-

80 2061 176 2104 vius,
195 2073 281 2100 etv.
307 2076 380 2114 437
410 2074 511 2100 tanta
538 2076 600 2113 pro
623 2070 700 2115 sp&

82 2124 122 2150 ut
153 2114 248 2151 solus
278 2114 381 2151 dicar
410 2115 553 2152 servasse
585 2129 699 2167 remp.

80 2178 169 2214 443.
190 2179 278 2215 444.
321 2166 512 2203 Sententiae
531 2166 623 2205 forte
642 2169 699 2205 ni-

82 2217 152 2253 mis
171 2228 283 2254 aeutae
306 2218 351 2254 ad
369 2218 525 2255 nostrum
545 2215 697 2258 sensum.

81 2270 175 2306 Tres
195 2268 302 2306 habet
329 2268 470 2306 Servius
488 2269 698 2321 interpreta-

82 2320 212 2364 tiones,
223 2333 372 2370 quarum
393 2321 491 2358 nulla
504 2321 586 2359 satis
601 2336 701 2360 com-

82 2372 206 2416 moda,
238 2372 299 2408 etsi
319 2373 364 2408 ad
384 2385 504 2409 veram
524 2375 701 2424 quodam-

85 2425 194 2460 modo
226 2424 359 2460 ducere
385 2424 540 2474 poss'unt.
597 2426 702 2464 Solus

81 2486 164 2511 cum
184 2475 296 2512 AEnea
314 2476 389 2512 vult
412 2476 587 2526 congredi
604 2478 701 2514 Tur-

82 2539 161 2568 nm,
176 2525 285 2563 etiam
304 2539 344 2562 ea
359 2527 404 2563 de
417 2529 546 2573 eaufl'a,
563 2542 607 2565 ne
618 2542 701 2567 cum

79 2577 228 2615 Drance
246 2577 440 2627 quicquam
461 2578 531 2617 five
542 2580 703 2617 secunda:

81 2628 150 2665 five
172 2628 327 2666 adversae
358 2630 408 2666 rei
439 2631 701 2675 communicet,

82 2690 193 2729 utque
211 2681 240 2717 is
256 2691 291 2717 et
310 2694 329 2716 a
347 2682 550 2719 calamitate
564 2693 599 2720 et
614 2696 634 2719 a
651 2683 701 2720 fe-

81 2730 222 2768 licitate
256 2731 316 2768 sua
349 2732 451 2770 absit.
516 2734 564 2771 Et
611 2746 703 2772 vocet

87 2782 230 2826 AEne'aS,
267 2792 305 2819 ut
336 2795 404 2835 ego
440 2785 532 2823 solas
559 2798 639 2824 cum
659 2800 702 2824 eo

138 2834 252 2872 Tou.
274 2834 342 2872 IH.

498 1666 572 1696 443.
594 1658 664 1699 five
688 1659 750 1689 haec
778 1660 813 1701 est
836 1661 946 1693 franc.
969 1671 1001 1693 et
1029 1662 1129 1692 Goth.
1155 1670 1230 1693 tert.
1274 1677 1342 1695 cura
1359 1665 1393 1695 d.

330 1714 404 1743 445.
428 1707 571 1739 Olliinter
583 1709 641 1752 fise
663 1709 694 1741 d.
720 1708 779 1741 Ed.
808 1719 855 1752 pr.
881 1711 993 1744 Burin.
1036 1715 1130 1744 variis
1148 1713 1293 1747 Pan-has.
1339 1716 1397 1746 du-

769 1861 976 1910 congressus
1027 1861 1073 1899 de
1118 1862 1256 1901 summa
1307 1865 1393 1903 belli

768 1913 959 1962 tranligarn
979 1926 988 1950 :
1036 1916 1106 1950 Nec
1127 1915 1276 1954 Drances
1287 1923 1396 1967 polim

769 1975 868 2000 morte
883 1964 957 2001 luat
988 1964 1064 2009 sua,
1099 1967 1261 2011 occidat,
1295 1982 1394 2006 com-

769 2015 870 2051 muni
889 2015 1006 2059 clade,
1037 2019 1079 2066 fi
1093 2017 1166 2055 laxes
1184 2026 1237 2056 im
1262 2021 1393 2058 Azorum

765 2068 807 2115 est
837 2067 888 2113 (h.
919 2068 943 2104 fi
962 2080 1106 2106 eventus
1124 2071 1192 2106 erit
1219 2071 1301 2108 belli
1323 2072 1392 2109 hu·

761 2119 820 2166 jus
835 2118 1037 2167 infaustus),
1057 2134 1137 2164 nce,
1151 2124 1235 2170 five
1252 2126 1295 2172 est
1312 2132 1393 2161 vir-

765 2180 817 2206 tus
848 2181 881 2206 et
906 2170 1032 2221 gloria,
1069 2172 1093 2209 fi
1112 2173 1294 2211 bochello
1313 2176 1392 2212 lau·

767 2220 848 2258 dem
871 2221 1014 2259 virtutis
1039 2226 1165 2273 (κλέος)
1190 2235 1225 2262 et
1236 2227 1391 2276 gloriam

767 2273 887 2318 (κῦδος,
905 2274 1111 2322 νίξὶοῐίειῑη)
1134 2277 1305 2328 conlequi
1327 2278 1392 2315 da-

769 2323 879 2362 bitur.
908 2326 1007 2363 tollat
1032 2340 1111 2364 eam
1141 2327 1218 2369 ille,
1252 2329 1390 2366 auferat

767 2375 857 2413 hanc
883 2377 1024 2414 laudem
1043 2392 1107 2429 pro
1128 2379 1187 2416 sua
1205 2390 1303 2430 parte
1335 2385 1390 2429 (ut

767 2428 924 2477 αἷξεσὲκι
940 2430 1059 2476 κῖἓος).

822 2481 919 2518 Cum
949 2481 1105 2519 sollertia
1130 2492 1165 2519 et
1197 2495 1280 2520 cum
1313 2493 1388 2521 arte

767 2535 876 2581 poeta
908 2533 1038 2583 partim
1083 2534 1390 2571 deliberationum

768 2594 803 2619 et
822 2583 1042 2621 incertorum
1065 2585 1392 2636 flustuantiumque

769 2635 999 2672 consiliorum
1035 2637 1173 2673 exitum
1208 2637 1296 2673 facit
1317 2650 1390 2674 non

769 2686 982 2735 praevisu1n5
1013 2688 1143 2736 partim
1171 2688 1334 2725 instruxit
1354 2699 1390 2725 et

770 2738 981 2788 praeparavit
1001 2738 1084 2775 inde
1113 2752 1132 2775 a
1163 2753 1198 2777 v,
1231 2752 1308 2788 434
1338 2740 1389 2789 sq.

769 2802 926 2839 pugnum
961 2789 1051 2826 inter
1068 2790 1215 2828 AEncam
1235 2802 1269 2828 ct
1290 2791 1389 2827 ‘Fur-

819 2840 862 2877 M
894 2854 926 2876 nx
1288 2855 1391 2885 num,
