1847 3313
374 250 782 309 AENEIDOS‚
839 249 991 299 LlB.
1038 252 1104 302 X.
1299 262 1392 325 489

89 384 356 448 Suspiciens
380 383 530 431 hausit
551 382 747 440 coelum,
782 393 1087 447 mentemque
1110 384 1290 448 recepit
1313 403 1327 434 ε

88 475 252 521 Hostis
266 473 559 538 amare‚quid
575 474 842 537 increpitaS,
857 487 1152 538 mortemque
1167 476 1358 524 minaris
1372 475 1392 523 ἓ

85 564 288 611 Nullum
306 565 355 610 in
372 564 504 612 caede
524 563 649 611 nefas
667 588 680 618 ;
716 580 802 612 nec
828 562 889 611 fic
913 564 970 611 ad
996 565 1168 628 proelia
1188 567 1297 613 veni
1313 590 1328 621 ς

86 653 190 701 Nec
210 667 370 701 tecum
388 671 518 702 meus
537 654 641 701 haec
662 655 847 718 pepigit
866 655 984 702 mihi
1003 654 1182 702 foedera
1198 654 1393 703 Lausus.

88 745 255 791 Unum
269 743 376 800 hoc,
391 760 490 807 per,
504 744 538 791 fi
555 761 647 807 qua
666 744 730 790 est
745 744 880 790 vietis
896 744 1032 790 venia
1048 744 1269 800 hostibus,
1279 762 1364 792 oro
1378 769 1393 800 ;

87 832 270 895 Corpus
295 833 444 880 humo
466 833 647 896 patiare
668 833 783 896 tegi.
856 833 965 880 Scio
987 833 1152 880 acerba
1175 850 1393 883 meorum

84 921 400 968 Circumstare
410 921 539 968 odia:
557 922 700 978 hunc,
713 938 810 978 oro,
824 921 1025 969 defende
1039 922 1245 970 furorem
1258 945 1271 977 ;
1297 933 1388 987 905

84 1011 149 1060 Et
168 1027 243 1057 me
265 1011 533 1060 consortem
557 1014 654 1059 nati
674 1014 881 1060 concede
901 1012 1128 1076 sepulcro.

84 1099 208 1147 Haec
220 1101 456 1166 loquitur,j
465 1103 702 1166 uguloque
712 1103 836 1150 haud
846 1102 1016 1150 inscius
1026 1103 1209 1166 adcipit
1217 1103 1393 1164 ensem,

83 1188 393 1253 Undantique
415 1192 621 1239 animam
645 1192 871 1242 diffundit
888 1193 937 1240 in
960 1211 1089 1241 arma
1112 1210 1293 1241 cruore.

127 1303 201 1345 899.
223 1305 379 1349 Sustipiens
401 1306 461 1339 sec.
493 1309 650 1342 Rottend.
742 1320 816 1351 901.
853 1312 881 1342 in
902 1312 1010 1354 praelia
1039 1309 1169 1344 Zulich,
1193 1318 1225 1342 et
1249 1309 1392 1343 Dorvin.

82 1356 164 1386 venit
187 1356 310 1389 Medic.
346 1368 362 1388 a
379 1368 423 1388 m.
446 1369 507 1399 pr„
530 1366 565 1389 ut
593 1360 631 1390 de
662 1361 766 1391 Lauso
785 1368 871 1402 agat,
893 1361 996 1403 inquit
1024 1361 1135 1392 Heins.
1182 1360 1394 1398 Probabilius,

81 1405 203 1441 librarii
221 1406 317 1448 lapsu.
408 1417 483 1448 902.
495 1410 614 1450 foedere
630 1411 739 1441 Franc.
829 1420 904 1452 903.
926 1416 1040 1444 veniam
1064 1422 1134 1453 pars
1158 1411 1249 1443 codd.
1277 1411 1389 1444 Heius.

82 1467 246 1499 -—-905.
276 1460 386 1490 Circum
417 1460 528 1505 adstare
550 1461 626 1493 EXC.
657 1462 766 1492 Burm.
857 1471 931 1503 907.
959 1465 1020 1494 Hoc
1044 1464 1152 1492 Franc.
1241 1462 1317 1503 908.
1341 1463 1392 1494 de·-

73 1510 180 1557 fundit
204 1508 287 1540 Gud.
311 1519 329 1539 a
345 1520 388 1539 m.
413 1520 462 1552 pr.
489 1518 519 1541 et
537 1512 636 1543 Rom.
684 1512 802 1555 diffudit
826 1513 928 1544 Goth.
947 1513 1025 1544 alter
1038 1520 1068 1544 et
1083 1520 1156 1543 tert.
1201 1515 1228 1543 in
1244 1525 1320 1545 arva
1336 1513 1389 1546 ed.

82 1570 131 1602 pr.
149 1560 259 1590 Burni.
275 1567 306 1590 et
325 1562 452 1602 Menag.
479 1571 541 1604 pn,
562 1561 657 1597 male.
704 1564 874 1606 jungenda
890 1564 979 1595 sunt:
1003 1576 1100 1596 crum-e
1115 1563 1234 1595 undanti
1248 1566 1276 1597 in
1298 1577 1394 1603 arma,

81 1611 246 1642 thoracem
262 1609 315 1642 seu
338 1609 483 1653 clipeum.

80 1679 258 1729 ἆνεγεῐςειν.
288 1692 322 1716 ν.
355 1692 389 1715 c.
427 1676 596 1728 Sophocl.
636 1680 699 1731 Aj,
752 1682 990 1731 sic-Lausus
1016 1681 1064 1719 sc.
1085 1689 1126 1718 ut
1143 1695 1187 1720 ne
1205 1694 1262 1719 me
1279 1683 1389 1719 inter-

86 1733 169 1780 196.
226 1731 336 1767 Nunc
370 1729 420 1766 cf.
459 1730 615 1769 Brunek.
654 1732 700 1768 ad
766 1733 901 1777 ficeres,
922 1743 984 1770 aut
1001 1744 1039 1769 ut
1066 1746 1134 1784 ego
1152 1743 1306 1771 mortem
1323 1733 1388 1771 de-

83 1781 247 1830 AEschyl.
270 1780 361 1819 Pers.
387 1795 472 1833 393.
517 1782 599 1830 Jam
613 1788 702 1833 po‘e-

83 1844 118 1870 ta
145 1833 214 1869 hoc
232 1832 346 1883 ipsum
366 1833 505 1869 doctius
537 1834 702 1872 transfert

85 1885 129 1923 ad
150 1884 282 1926 calum,
320 1886 416 1933 quod
437 1885 600 1922 haetenus
619 1899 701 1934 pro-

81 1936 158 1988 prie
176 1936 266 1972 adeo
298 1935 443 1972 incendi
470 1935 545 1973 diei
574 1939 702 1987 potest,

81 1996 254 2037 quatenus
283 1999 333 2023 res
364 1999 494 2038 magno
514 1998 611 2024 motu
644 2002 702 2025 ac-

82 2050 187 2089 cepto
217 2038 368 2075 omnino
397 2039 603 2086 incalefivmt,
621 2045 703 2090 ser-

81 2101 181 2127 vent.
237 2089 337 2126 Hinc
356 2094 442 2139 fora
459 2095 498 2139 f
507 2102 609 2127 rvenl
633 2092 704 2130 cla,-

83 2141 235 2184 moribus,
255 2142 390 2178 theatra
404 2145 559 2192 strepitu.
617 2146 701 2192 899.

82 2193 192 2243 hafflt
221 2193 339 2230 caelum
376 2192 401 2229 s.
429 2192 539 2229 hausit
574 2195 701 2237 oculis,

83 2244 182 2294 quod
218 2244 340 2280 malim
363 2258 374 2287 3
413 2243 470 2281 seu
491 2244 616 2281 caelum
636 2259 701 2294 pro

82 2309 182 2339 aura,
225 2295 359 2337 anima,
401 2308 509 2345 quam
554 2297 700 2347 recepit.

82 2345 298 2396 Expeditius
334 2345 441 2390 forte,
478 2356 515 2383 ut
542 2346 698 2397 jungas:

81 2414 182 2436 auras
200 2398 323 2447 hausti,
345 2400 521 2447 suspiciens
549 2398 666 2435 ecclam
687 2415 699 2437 .·

82 2450 147 2487 nisi
163 2449 254 2486 forte
268 2449 386 2485 oratio
401 2449 448 2486 fic
464 2449 572 2486 nimis
586 2451 702 2488 tenuis

81 2502 235 2538 efficitur
275 2513 341 2551 pro
385 2502 489 2550 epico
529 2502 700 2540 carmine.

84 2565 173 2601 90¹·
192 2564 279 2601 902.
310 2552 473 2590 Interfice
491 2566 547 2590 me
568 2565 577 2588 ε
607 2566 701 2590 mor-

84 2613 156 2641 ts-rn
187 2616 258 2640 non
286 2604 469 2654 deprecor.
535 2605 622 2642 Hoc
655 2605 700 2642 fic

84 2655 216 2692 extulit
242 2659 378 2705 poeta:
419 2654 505 2692 Non
531 2656 599 2693 erit
631 2656 702 2693 cri-

84 2705 190 2748 mini,
210 2719 265 2744 me
281 2705 505 2750 inte1feciffe,
523 2707 648 2745 nullum
668 2713 702 2745 in

82 2759 171 2799 ccede
203 2762 300 2807 nefas
337 2758 449 2804 (Serv.
486 2768 521 2795 et
552 2758 698 2796 cerda:

84 2814 110 2832 “
134 2808 235 2846 Mori
262 2809 340 2846 viro
371 2808 458 2846 forti
494 2809 592 2847 nefas
626 2823 700 2847 non

81 2860 129 2903 est
147 2862 185 2899 :''
211 2860 310 2915 quod
321 2861 369 2899 est
387 2860 600 2913 remotius);
644 2877 702 2902 nec

766 1797 943 1835 precarer.
996 1784 1076 1821 Imo
1096 1798 1195 1830 vero,
1225 1785 1312 1822 dum
1331 1785 1389 1822 su-

765 1838 892 1885 perstes
919 1836 1037 1872 Lauso
1057 1836 1121 1873 effe
1140 1850 1212 1873 non
1232 1836 1389 1879 sustinet,

767 1887 859 1923 mori
888 1887 1106 1924 decreverat.
1135 1904 1192 1926 nec
1220 1899 1329 1926 tecum<
1350 1888 1388 1926 h.

767 1951 831 1975 nec
852 1938 968 1975 Lauso
984 1951 1002 1974 a
1019 1948 1051 1975 te
1065 1939 1156 1977 caeso
1170 1953 1299 1990 pugnae
1313 1939 1389 1978 haec

767 1989 934 2027 conditio
954 1989 1058 2027 nobis
1079 1991 1255 2042 proposita
1272 1993 1334 2028 est.

818 2055 908 2093 903.
938 2043 1021 2085 Per,
1041 2044 1082 2091 fi
1103 2058 1169 2091 qua
1196 2045 1388 2093 estvmia:

766 2105 810 2129 ex
832 2105 930 2129 more
952 2092 991 2129 in
1019 2106 1164 2142 precum
1192 2095 1357 2132 formulis
1375 2109 1386 2138 ;

767 2157 859 2195 pro:
903 2155 964 2195 per
979 2151 1134 2189 «veniam,
1162 2147 1203 2196 fi
1232 2161 1300 2197 qua
1333 2149 1388 2196 est.

766 2198 885 2239 venia,
922 2195 1056 2245 gratia,
1089 2196 1317 2242 beneficium,
1350 2207 1389 2235 ut

761 2247 837 2295 jam
869 2247 956 2284 alibi
990 2246 1160 2286 vidimus.
1244 2248 1387 2287 Similes

767 2298 997 2335 morientium
1017 2312 1134 2350 preces
1146 2300 1294 2338 dederat
1306 2300 1387 2337 Ho-

766 2362 882 2387 merus
916 2349 1023 2388 Iliad.
1063 2369 1108 2400 χ,
1156 2355 1228 2400 338
1265 2352 1317 2402 sq.
1352 2361 1390 2388 et

765 2400 871 2437 alibi.
930 2415 1019 2454 905.
1047 2405 1185 2454 defende
1217 2407 1258 2453 f.
1303 2415 1388 2452 pro-

765 2451 864 2501 pulsa
913 2457 967 2499 (ut
1009 2454 1085 2502 jam
1122 2453 1228 2490 toties
1262 2454 1307 2490 fic
1341 2466 1385 2491 ex

765 2507 886 2552 οἱς-κεῖν)
923 2504 1008 2541 odia
1027 2504 1161 2547 airas,
1197 2504 1389 2554 quominus

766 2567 894 2604 corpus
924 2569 1042 2593 meum
1063 2556 1278 2604 insepultum
1298 2556 1390 2605 abji-

766 2605 866 2642 ciant
899 2617 932 2643 et
966 2608 1058 2644 male
1082 2609 1269 2650 mulcent3
1299 2609 1388 2645 αἰκί-

767 2656 902 2708 ζεσῇομ.
955 2659 1047 2709 906.
1093 2659 1137 2694 Et
1169 2674 1218 2694 me
1251 2675 1279 2697 c.
1321 2672 1389 2709 pro

766 2709 911 2759 vulga‘ri
940 2710 1104 2746 oratione
1141 2713 1311 2758 consortem
1329 2714 1390 2759 st’·

759 2760 873 2810 pulcri
901 2771 979 2798 nato
1014 2760 1132 2810 posuit
1164 2761 1390 2810 exquisitiuS.

767 2810 846 2849 Effe
880 2824 946 2862 pro
987 2812 1058 2849 hoc
1102 2812 1238 2849 ditium
1282 2812 1390 2857 illud.

765 2863 876 2904 etiam
895 2863 1065 2904 Macrob.
1083 2862 1155 2910 VI,
1176 2864 1198 2902 6
1215 2863 1373 2905 monuit.
