1847 3313
369 305 468 372 o:254
565 289 617 337 P.
654 283 1035 335 VIRGILII
1092 282 1490 332 MARONIS

372 431 499 480 Ante
522 446 620 476 aras
645 441 818 474 terram
846 424 951 472 caefi
978 424 1177 470 stravere
1192 421 1407 486 juvenci.

372 522 494 585 Ipse,
519 520 675 566 sedens
701 519 841 563 niveo
863 515 1103 562 candentis
1127 514 1293 560 limine
1318 511 1512 568 Phoebi,
1592 523 1688 574 720

373 614 511 661 Dona
535 611 830 675 recognoscit
853 610 1160 674 populorum,
1185 618 1410 669 aptatque
1435 604 1646 668 superbis

375 703 619 756 Postibus;
656 701 881 747 incedunt
905 698 1046 744 vietae
1072 697 1217 760 longo
1239 694 1405 741 ordine
1426 707 1608 757 genteS‚

373 793 535 857 Qum
562 792 706 837 variae
731 787 922 851 linguis,
948 786 1113 837 habitu
1141 797 1241 831 tam
1264 783 1403 830 vestis
1427 795 1472 830 et
1496 783 1654 829 armis.

373 881 473 928 Hic
525 878 806 926 Nomadum
861 889 1009 939 genus
1054 888 1099 921 et
1144 874 1397 921 discinctos
1446 871 1689 918 Mulciber

565 970 724 1027 Afros,

373 1061 474 1109 Hic
495 1061 691 1123 Lelegas
712 1058 946 1122 Carasque
967 1057 1342 1121 stigittiferosque
1361 1055 1572 1103 Gelonos
1596 1069 1653 1117 72
1661 1065 1691 1118 5·

374 1198 439 1227 uno
463 1199 601 1233 Veneto,
622 1194 851 1236 probaverunt.
901 1191 1028 1223 Vellem
1045 1189 1228 1233 adjecissent
1250 1189 1312 1220 viri
1339 1187 1437 1225 doffi,
1464 1187 1551 1229 quod
1566 1186 1692 1218 senten-

374 1247 428 1278 tiat
446 1257 579 1278 acumen
610 1245 643 1276 in
671 1256 708 1276 eo
737 1244 1026 1286 deprehenderent.
1075 1242 1164 1284 Qid
1189 1241 1291 1283 magis
1311 1240 1430 1282 frigere
1454 1239 1572 1276 dicam,
1593 1247 1690 1279 quarn

376 1299 409 1330 in
439 1300 560 1332 omnibus
587 1297 695 1340 templis
720 1309 782 1328 arse
807 1297 845 1327 sc.
872 1295 990 1326 erant?
1039 1294 1132 1325 Licet
1155 1294 1188 1325 id
1221 1294 1371 1324 credere:
1408 1291 1460 1322 sed
1485 1291 1563 1332 quid
1591 1287 1690 1320 inde?

374 1361 416 1382 an
441 1360 584 1393 repetere
609 1349 711 1391 placet
737 1360 799 1379 arae
826 1347 867 1379 se.
889 1346 1085 1389 fremebant?
1109 1346 1174 1376 Res
1203 1355 1280 1376 vero
1308 1342 1347 1374 fic
1374 1342 1582 1384 expedienda.
1629 1342 1693 1371 Ex·

375 1403 489 1444 quisite
518 1400 570 1431 illa
601 1399 687 1431 dieta
720 1409 778 1440 pro
811 1397 1016 1439 vulgaribus:
1055 1396 1214 1427 Omnibus
1244 1396 1276 1426 in
1308 1393 1438 1435 templis
1469 1400 1718 1428 matronarum,

375 1449 625 1496 supplicantium
649 1459 746 1480 coetus
769 1448 962 1486 visebantur,
988 1457 1015 1478 et
1031 1458 1104 1485 arae,
1130 1457 1196 1479 ante
1222 1458 1293 1490 quas·
1315 1444 1457 1474 νίἑῖἱηιεε
1479 1443 1693 1474 immolaban-

377 1513 442 1537 tur.
487 1503 596 1544 Vulgo
613 1501 730 1532 leffium
748 1500 809 1531 fuit
826 1499 946 1530 omnibus
961 1501 1018 1530 aris
1031 1511 1042 1530 .-
1065 1499 1159 1540 idque
1188 1509 1225 1528 ex
1249 1495 1409 1527 Gothanis
1427 1494 1549 1536 primus
1574 1494 1689 1527 servat.

375 1556 497 1588 omnibus
528 1566 582 1586 ara
613 1551 768 1589 Parrhas„
789 1551 911 1582 vitiose.
1002 1559 1076 1591 719.
1112 1559 1203 1581 terras
1231 1546 1368 1579 Dorvill.
1458 1555 1529 1584 721.
1557 1550 1693 1588 aaatque

376 1606 682 1642 Dorvill.————722.
710 1604 730 1634 l.
764 1616 786 1633 o.
814 1611 920 1633 matres
945 1601 1066 1642 aliquot
1092 1600 1176 1631 Pier.
1265 1607 1339 1638 724.
1365 1599 1442 1628 Hinc
1467 1596 1520 1627 hic
1549 1603 1582 1627 et
1604 1596 1691 1637 sequ.

377 1658 469 1689 versu
487 1655 585 1697 aliqui
602 1654 664 1685 five
681 1661 817 1694 utroque
841 1652 911 1682 loco
936 1651 997 1682 sive
1015 1651 1169 1682 alterutro
1194 1656 1332 1681 tantum.
1376 1647 1530 1687 Numidam
1546 1646 1692 1689 plerique

375 1709 464 1740 Pier.
481 1715 511 1738 et
527 1714 592 1737 tres
615 1703 714 1734 Goth.
760 1703 929 1735 Nnmadum
946 1702 998 1732 alii
1021 1701 1144 1739 Heius„
1166 1709 1202 1732 ut
1218 1699 1327 1742 passim
1350 1698 1424 1729 alibi
1441 1709 1475 1729 v.
1493 1699 1559 1740 sup.
1578 1699 1619 1729 ad
1634 1700 1691 1738 111,

379 1770 456 1801 320.
503 1758 648 1801 distinffis,
678 1755 839 1799 dffvz'nfios,
865 1754 1020 1790 devinffls,
1049 1752 1188 1796 dzscultos‚
1226 1750 1306 1782 vitia
1333 1749 1563 1781 librariorum:
1607 1750 1693 1781 inter

379 1823 451 1854 quae
473 1810 570 1842 etiam
586 1808 731 1850 Mulczfcr
754 1805 957 1837 referendum
983 1805 1013 1834 in
1036 1812 1125 1846 parte
1155 1802 1266 1834 Heius.
1293 1809 1323 1833 et
1342 1801 1433 1832 trinis
1459 1801 1558 1833 Goth.
1604 1802 1694 1832 Mul-

378 1863 454 1894 ciber
478 1859 649 1899 antiquum
678 1867 807 1893 nomen,
837 1855 923 1896 quod
950 1856 1048 1885 Maro
1077 1855 1115 1885 ab
1147 1854 1247 1885 Accio
1274 1862 1306 1884 et
1335 1852 1474 1894 Egnatio
1502 1860 1692 1894 acceperat:

380 1912 531 1946 Macrob.
562 1910 621 1946 Vl,
657 1918 675 1947 5
707 1918 756 1949 pr.
849 1916 918 1946 725.
965 1908 1040 1938 Hinc
1073 1906 1172 1938 Goth.
1205 1913 1280 1938 tert.
1328 1907 1404 1936 Hinc
1427 1905 1538 1947 relegas
1565 1904 1695 1949 cerasque

378 1963 520 1999 Dorvill.
564 1961 671 2003 relegas
700 1959 799 1990 etiam
836 1960 934 1989 Rom.
989 1959 1147 2003 Carrasque
1179 1956 1295 1988 multi:
1331 1957 1422 1988 Caras
1455 1956 1552 1988 etiam
1582 1957 1694 1987 Servio

1613 2018 1695 2051 prae-

381 2124 529 2177 publica
566 2120 795 2160 describitur.
863 2117 1001 2169 Exqui-

381 2177 445 2215 fite
465 2189 547 2212 vero
568 2174 629 2210 illa
647 2173 742 2209 dicta
762 2185 825 2222 pro
844 2169 1004 2221 vulgari-

381 2228 470 2266 bus:
506 2225 674 2263 omnibus
692 2224 729 2260 in
759 2223 903 2274 templis
928 2238 1004 2259 ma-

381 2292 552 2318 nonarum
570 2275 827 2327 snpplicamizem
844 2286 944 2311 coetus
969 2283 1005 2310 et

380 2347 472 2374 ara),
496 2340 573 2366 ante
590 2343 672 2381 quas
699 2327 855 2364 viciimae
873 2325 1005 2362 immo-

379 2383 560 2421 labantur.

436 2447 511 2485 720
541 2433 618 2481 sqq.
659 2428 856 2480 Splendida
887 2441 1006 2466 rerum

382 2485 531 2537 species,
588 2482 675 2519 Puta
707 2480 1005 2531 triumphatorem

380 2536 627 2577 Octavianum
666 2534 742 2583 jam
768 2531 909 2568 intraffe
945 2545 1006 2568 ur-

383 2590 481 2628 bem.
536 2586 642 2623 Sedet
659 2597 725 2635 pro
742 2582 915 2621 tribunali
943 2582 1008 2620 sub

383 2640 526 2693 porticu
549 2647 584 2674 et
613 2637 713 2673 aditu
747 2634 872 2685 templi
894 2634 1008 2683 Apol-

383 2692 470 2731 linis
490 2687 647 2728 Palatini
662 2697 697 2724 et
715 2687 914 2738 prospeclat
934 2688 1010 2733 (ex-

384 2743 513 2795 quifite
560 2744 767 2792 recognoſsit3
825 2746 1011 2788 argutatur

383 2794 512 2846 Burni.
539 2792 586 2830 in>
604 2803 727 2844 etymo
744 2789 858 2841 vocis)
891 2789 1009 2828 succe·

1068 2118 1211 2156 dentem
1235 2129 1404 2167 pompam
1422 2114 1694 2165 triumphalem,

1069 2171 1107 2208 in
1123 2183 1193 2220 qua
1204 2178 1393 2219 portantur
1406 2179 1550 2205 coronze
1563 2179 1694 2211 aureae,

1069 2224 1155 2259 dona
1169 2220 1356 2271 populorum
1375 2218 1440 2268 (cf.
1461 2218 1614 2265 Cerda),
1627 2219 1694 2255 du-

1071 2283 1204 2310 cuntur
1221 2271 1357 2323 captivi
1375 2283 1446 2308 una
1473 2283 1557 2308 cum
1588 2269 1696 2320 fignis

1074 2324 1300 2362 Fluviorum.
1353 2335 1441 2373 7²¹·
1481 2331 1640 2372 aptatque
1657 2323 1695 2369 s.

1065 2377 1233 2428 postibus:
1263 2387 1415 2412 coronas
1441 2385 1529 2423 ergo
1547 2373 1586 2409 in
1604 2372 1694 2409 fori-

1072 2429 1137 2466 bus
1164 2428 1222 2466 vel
1248 2427 1392 2478 porticu
1410 2423 1576 2475 suspendi
1593 2436 1697 2461 cura-

1073 2481 1139 2517 vit.
1192 2492 1280 2530 724.
1308 2491 1396 2528 725.
1432 2475 1548 2513 Vides
1578 2476 1696 2514 mani-

1074 2531 1173 2576 feste,
1203 2530 1300 2581 quod
1330 2528 1435 2580 supra
1463 2527 1510 2564 ad
1538 2526 1591 2565 vs.
1619 2528 1696 2568 686

1074 2583 1293 2626 monuimus,
1349 2585 1496 2632 poetam
1539 2580 1696 2618 carmini

1073 2634 1289 2686 dignitatem
1319 2642 1355 2670 et
1390 2630 1603 2682 majestatem
1631 2645 1698 2682 pa-

1076 2699 1152 2724 rare
1183 2698 1228 2722 ex
1255 2684 1444 2722 nominum
1462 2681 1624 2719 novitate
1638 2683 1697 2721 vel

1075 2736 1332 2789 peregrinitate
1346 2732 1404 2773 vel
1420 2733 1603 2772 vetustate.
1624 2735 1696 2772 No-

1075 2792 1208 2829 madum
1237 2803 1341 2842 genus
1375 2797 1407 2825 et
1440 2788 1475 2826 d.
1505 2787 1555 2826 A.
1607 2785 1697 2844 Erat

1598 2849 1697 2878 emm
