1847 3313
402 320 521 368 AD
578 317 954 367 LIBRUM
1001 316 1113 365 VII.
1317 328 1410 379 149

95 460 135 495 et
155 451 293 492 resciss‘a
312 453 402 492 Caeli
417 452 604 505 pudenda,
632 451 744 490 modo
762 450 809 490 ad
828 460 984 502 tempus,
1011 448 1112 501 quod
1130 447 1254 488 omnia
1276 447 1405 491 deme.

94 513 155 556 tit,
183 523 437 552 revocarunt.·

146 573 200 611 Ut
215 585 335 612 autem
354 574 479 612 Graeci
498 572 664 611 Cronum
679 572 715 611 in
730 571 877 610 Italiam
891 570 1144 614 transferrent,
1172 570 1284 610 etiam
1314 571 1398 609 fitne

92 633 209 671 ltaliae
237 638 359 672 versus
380 635 535 672 Graeciae
553 635 783 672 occidentem
803 646 863 670 eos
891 631 1069 683 impulisse
1088 632 1258 679 videtum
1298 633 1400 674 Occi-

40 707 43 710 '
91 695 220 733 dentem
237 694 334 732 enim
356 695 444 732 locis
460 693 601 736 inferis,
630 694 795 744 adeoque
815 693 993 737 Tartaro,
1019 706 1092 744 quo
1107 693 1252 731 Cronus
1271 692 1400 730 detru-

90 754 146 791 sus
167 755 359 799 delitescit,
390 755 583 801 finitimum
616 755 772 793 credidit
799 753 1010 804 antiquitas.
1063 753 1164 793 Hinc
1181 754 1327 794 Ionium
1361 762 1399 797 et

93 814 328 854 Adriaticum
362 830 462 853 mare
488 818 616 865 Κξονίην
647 819 719 852 ἅλα
751 814 976 865 appellatum
1013 813 1138 852 videas
1164 828 1202 852 v.
1235 828 1268 853 c.
1295 813 1396 864 apud

91 876 266 924 Apollon.
281 876 351 920 IV,
366 890 383 928 ς
396 889 454 914 10.
477 880 549 928 548
571 886 606 913 et
622 877 685 919 al„
713 886 750 913 et
766 877 895 916 Κόλπος
907 876 1002 914 Ῥέας
1013 873 1109 925 apud
1122 874 1286 925 AEschyl.
1304 874 1396 913 Pro-

90 938 206 975 meth.
225 939 244 972 8
251 937 313 987 36.
371 938 533 988 juvabat
552 950 696 988 quoque
714 937 752 974 in
771 946 914 988 partem
932 948 1067 973 nomen
1085 935 1184 979 Latii
1206 949 1227 972 a
1245 935 1395 974 latendo

89 996 252 1040 due-Tium,
282 998 380 1047 quod
400 997 444 1035 ad
460 998 628 1038 Cronum
647 996 741 1035 trahi
761 1006 921 1047 poterat,
949 995 1014 1047 qui
1034 996 1168 1046 Jovem
1186 995 1333 1046 fugiens
1349 1009 1396 1034 eo

90 1067 256 1094 venerat.
288 1058 395 1101 VIII,
419 1071 493 1109 320
512 1060 624 1096 Arma
641 1057 755 1106 Jovis
769 1060 914 1108 fugiens
930 1068 962 1094 et
988 1059 1101 1106 regnis
1127 1056 1210 1094 exul
1236 1059 1395 1105 ademtis.

88 1117 149 1154 Ex
169 1117 222 1154 his
237 1118 461 1156 manifestum
477 1119 530 1162 fit,
550 1131 623 1169 quo
635 1128 689 1156 tot
703 1118 891 1156 doctorum
905 1117 1069 1154 virorum
1082 1116 1220 1156 somnia
1245 1131 1291 1156 ex
1310 1128 1393 1169 ety-

87 1191 149 1219 mo
167 1179 268 1217 vocis
287 1179 393 1217 dueta
412 1180 592 1223 recidant,
620 1180 734 1218 etiam
762 1179 881 1218 suavis
912 1179 975 1217 illa
1005 1178 1263 1230 interpretatio
1290 1180 1393 1220 vocis

87 1239 236 1280 Chittim
250 1252 332 1277 cum
349 1240 459 1279 Latio
469 1250 701 1291 comparatae.

138 1298 423 1349 Receptusinde
436 1302 485 1338 est
503 1301 678 1340 Saturnus
698 1299 735 1337 in
755 1299 919 1336 Annales
939 1309 1126 1349 tamquam
1146 1302 1260 1348 gentis
1278 1302 1393 1337 condi-

85 1367 154 1402 ¹tor,
182 1368 219 1395 et
247 1359 373 1408 legum
406 1359 564 1410 vitaeque
597 1359 753 1397 mitioris
784 1360 907 1396 anaor
937 1371 1076 1409 rexque
1097 1358 1196 1395 Latii
1210 1359 1393 1408 vetustissi-

86 1431 193 1462 rnu53
221 1420 274 1457 uti
294 1422 410 1458 nullus
430 1420 536 1458 facile
554 1422 603 1458 est
620 1421 791 1472 populus,
819 1419 882 1470 qui
898 1432 968 1457 non
984 1419 1083 1456 idem
1103 1418 1306 1468 symbolica
1324 1433 1391 1459 no-

85 1478 183 1515 mina
202 1492 270 1529 pro
289 1481 403 1532 stirpis
422 1481 489 1518 suae
508 1481 712 1519 auetoribus
728 1480 913 1518 habuerit.
952 1480 1218 1518 Difficultatem
1239 1494 1282 1518 ac
1310 1495 1389 1520 mo-

85 1539 223 1578 lestiam
256 1541 344 1578 fecit
370 1554 457 1578 mox
487 1541 720 1592 scriptoribus
741 1541 874 1590 Janus,
902 1554 1012 1591 quern
1031 1551 1067 1577 et
1085 1539 1205 1590 ipsum
1234 1541 1392 1586 mitioris

90 1598 174 1635 vitae
193 1599 286 1637 inter
304 1612 445 1640 veteres
466 1602 578 1640 Italos
593 1603 776 1640 auctorem
795 1601 972 1639 traditum
984 1600 1174 1646 videbant.

140 1659 201 1695 Est
219 1660 336 1709 Janus
354 1661 414 1700 hic
441 1673 478 1699 et
496 1662 571 1713 ipse
590 1662 686 1700 inter
711 1662 857 1713 mythos
886 1661 1036 1699 Latinos
1055 1659 1266 1699 referendus
1285 1661 1391 1705 deuse

84 1732 156 1769 que
176 1732 301 1757 eorum
321 1721 552 1767 domesticus.
606 1723 700 1760 Nam
718 1721 786 1760 tibi
799 1732 870 1772 par
888 1720 1012 1770 nullum
1032 1721 1172 1758 Graecia
1191 1736 1306 1759 numen
1322 1722 1388 1759 ha-

82 1778 152 1821 bet,
180 1779 231 1816 ait
252 1780 366 1819 Ovid.
387 1782 404 1818 I
425 1783 518 1828 Fast.
537 1795 611 1833 90;
639 1796 706 1820 nec
725 1781 870 1825 dubito,
897 1795 981 1819 eum
1001 1780 1047 1817 ab
1060 1780 1166 1821 initio
1183 1781 1269 1818 nihil
1290 1779 1390 1829 aliud

82 1852 193 1888 quam
212 1840 316 1878 almae
348 1852 499 1885 naturae,
528 1843 758 1893 excultaeque
778 1842 853 1892 ejus
874 1841 1021 1880 dotibus
1057 1841 1157 1884 vitae‚
1184 1841 1390 1891 symbolum

81 1900 231 1950 ‚aliquod
262 1901 375 1939 fuisse.
430 1903 563 1953 Itaque
593 1903 630 1940 in
666 1903 866 1942 Saliaribus
901 1901 1123 1940 carminibus
1155 1903 1287 1940 deorum
1310 1905 1391 1943 deus

82 1961 254 1998 audiebat
278 1963 470 2010 (Macrob.
495 1965 528 2006 I,
543 1964 584 2014 9)
607 1974 794 2014 tamquam
827 1962 1049 2014 principium
1080 1974 1200 2000 rerum
1220 1963 1388 2016 adeoque

80 2020 192 2057 etiam
212 2022 378 2059 deorum.
431 2023 660 2060 Traduffitum
695 2024 782 2061 inde
809 2023 1013 2074 symbolum
1033 2022 1078 2059 ad
1107 2023 1179 2060 alia
1207 2036 1387 2076 cognata,

83 2088 122 2117 ut
140 2079 345 2130 designaret
364 2081 526 2119 omnium
542 2096 664 2129 rerum
682 2082 789 2121 initia
808 2093 844 2121 et
863 2082 1041 2134 origines,
1070 2096 1158 2121 mox
1189 2096 1312 2122 rerum
1331 2085 1386 2124 vi-

81 2150 160 2183 ces,
186 2148 363 2188 tempora‚
391 2154 525 2179 annum
541 2142 687 2193 ejusque
707 2142 879 2188 vertentis
898 2143 932 2180 se
946 2156 1042 2180 nova
1061 2143 1229 2188 exordia,
1256 2146 1386 2192 mundi

81 2212 226 2250 quoque
245 2198 304 2235 seu
324 2199 402 2236 caeli
419 2212 538 2240 ortum
552 2212 588 2239 et
603 2201 784 2245 occasum,
812 2211 849 2239 et
881 2202 928 2240 sic
961 2216 1097 2253 porrog
1126 2203 1178 2241 ita
1203 2206 1316 2250 enim,
1345 2218 1386 2246 ut

80 2261 119 2298 in
132 2259 250 2296 varios
271 2259 488 2309 significatus
507 2262 669 2312 symbola
685 2261 1002 2313 detorquerentur,
1028 2263 1103 2313 ipsa
1125 2278 1182 2302 res
1201 2278 1244 2303 ac
1263 2268 1384 2307 neces-

81 2320 162 2367 {itas
178 2318 331 2356 ferebat.
367 2319 425 2357 Ita
438 2319 553 2370 ipsum
567 2322 801 2372 complexum
815 2322 968 2365 siderum
983 2332 1020 2360 et
1033 2324 1164 2362 caelum
1185 2325 1385 2378 designasse

79 2378 255 2416 dicendus
275 2378 474 2418 secundum
493 2379 685 2420 Messalam
718 2395 778 2432 ap.
800 2383 975 2422 Macrob.
1007 2383 1034 2421 l.
1060 2397 1112 2431 e„
1140 2384 1257 2435 ipsum
1273 2391 1400 2436 chaos]

79 2447 118 2475 et
143 2451 188 2475 ex
209 2451 253 2475 eo
286 2448 366 2475 orta
394 2452 514 2476 rerum
533 2440 645 2479 facies
676 2441 774 2492 apud
794 2442 973 2481 Ovidium
991 2443 1030 2482 in
1049 2444 1078 2488 F
1082 2444 1143 2482 ast„
1160 2445 1179 2481 Ι
1196 2460 1255 2497 Ρη,
1275 2450 1385 2494 Plura

79 2497 164 2541 alia,
185 2497 295 2535 etiam
315 2499 513 2539 multarum
529 2513 652 2537 rerum
667 2500 832 2549 inventa,
847 2502 893 2540 ad
910 2503 1044 2554 Janum
1059 2505 1218 2544 retulere
1235 2507 1385 2557 seriores

79 2570 152 2594 non
165 2557 274 2594 modo
291 2558 537 2595 Grammatici
552 2559 611 2596 sed
633 2559 745 2598 etiam
761 2560 952 2612 scriptores
968 2563 1143 2606 Romani,
1164 2574 1203 2602 ut
1221 2579 1266 2604 ex
1286 2570 1386 2613 Oviff

78 2615 130 2661 dii
146 2615 234 2653 Fast.
254 2617 317 2654 lib.
337 2618 355 2654 I
375 2615 532 2669 intelligi
553 2620 682 2668 potest,
702 2620 837 2671 partim
857 2635 980 2660 rerum
998 2622 1229 2663 similitudine
1246 2630 1384 2678 partim

77 2675 236 2713 nominis
255 2677 399 2727 origine
418 2677 466 2714 ab
493 2681 593 2718 eundo
613 2679 771 2730 repetita
788 2680 940 2720 inducti.
969 2682 1018 2721 cf.
1039 2683 1214 2722 Macrob.
1253 2687 1330 2727 Sat.
1348 2674 1384 2735 1,‘

78 2749 117 2787 9.
147 2736 251 2773 Serv.
265 2736 312 2774 ad
329 2738 418 2776 AEn.
431 2734 527 2780 VII,
547 2737 624 2776 610
639 2748 676 2777 et
695 2739 741 2777 al⁴
796 2741 907 2792 Qod
927 2742 1013 2780 belli
1030 2744 1200 2796 pacisque
1220 2747 1386 2792 habeba-‚

78 2797 137 2836 tur
151 2796 299 2840 arbiter,
326 2807 448 2835 ortum
468 2797 565 2835 forte
597 2811 669 2836 non
699 2799 844 2838 aliunde
863 2802 1008 2847 habuit,
1035 2817 1145 2854 quam
1177 2807 1276 2856 quod
1304 2809 1386 2859 ejus

78 2857 209 2921 religio
241 2867 320 2911 erat
354 2854 595 2910 antiquissima
611 2872 621 2898 ;
662 2859 757 2907 unde
784 2861 1004 2909 invaluerat,
1049 2875 1089 2905 ut
1121 2866 1219 2906 bello
1246 2869 1386 2910 indicto

1205 2929 1384 2993 templum
