1847 3313
381 284 474 347 554
571 277 1042 328 P.leG1L11
1101 277 1492 328 MARoms

381 413 557 462 Crebra
579 414 701 460 nivis
725 413 835 470 ritu,
857 411 1134 475 coelumque
1155 411 1398 461 obtexitur
1419 412 1606 461 umbra.

380 505 621 552 Continuo
643 502 844 552 adversis
869 502 1140 564 Tyrrhenus
1163 515 1210 550 et
1232 519 1340 551 acer
1362 504 1607 551 Aconteus

379 595 583 642 Connixi
605 594 847 642 incurrunt
871 593 1025 649 hastis,
1047 593 1287 656 primique
1307 594 1496 641 ruinam

380 684 509 732 Dant
526 684 675 731 sonitu
697 684 893 748 ingenti,
910 683 1235 747 perfratstaque
1247 682 1690 747 quadrupedantum

379 774 570 823 Pedtora
592 775 859 839 peetoribus
883 786 1126 838 rumpunt.
1179 773 1408 821 Excuffus
1434 773 1692 830 AconteuS‚

380 863 612 913 Fulminis
628 865 676 910 in
691 880 889 921 morem,
903 874 984 910 aut
1000 874 1236 910 tormento
1245 861 1468 926 ponderis
1478 861 1585 918 asti,
1596 861 1624 909 6
1635 875 1650 906 1
1664 860 1692 909 6

425 994 500 1028 612.
522 997 640 1039 advetfi
654 1005 734 1029 vett.
752 996 839 1033 edd..
866 995 969 1038 sicque
985 996 1083 1028 Rom.
1104 1005 1177 1027 cum
1200 995 1289 1032 aliis:
1316 1001 1348 1027 et
1363 993 1428 1037 ipse
1451 992 1632 1029 Mediceus,
1653 987 1695 1021 ad

382 1046 532 1090 rogginii
549 1050 679 1090 quidem
699 1049 807 1086 fidem,
822 1057 895 1079 cum
912 1046 1005 1078 trinis
1021 1045 1121 1077 Goth.
1168 1046 1306 1088 advetsus
1323 1047 1432 1076 Franc.
1479 1042 1541 1074 Sed
1565 1041 1695 1084 adver-sic

381 1097 568 1140 elegantius.
617 1099 726 1131 Habet
749 1100 816 1141 jam
844 1097 921 1129 Ald.
949 1108 997 1139 pr.
1043 1098 1134 1140 versis
1160 1097 1218 1129 Ed.
1243 1107 1291 1139 pr.
1319 1097 1496 1127 Burmann.
1520 1094 1698 1130 Acharneus,

382 1151 554 1189 Acontheus,
580 1152 714 1189 Acontcs,
743 1151 776 1181 in
802 1150 892 1181 codd.
940 1149 993 1180 Est
1020 1148 1176 1182 Ἀκοντεύς.
1268 1147 1343 1187 613..
1376 1147 1449 1183 614.
1474 1147 1620 1178 Commixti
1644 1154 1694 1186 pr.

382 1202 506 1234 Hamb.
551 1204 673 1234 Con-nexi
698 1213 746 1245 pr.
773 1202 897 1232 Moret.
914 1208 945 1231 et
962 1200 1011 1231 ed.
1037 1199 1177 1230 Mediol.
1220 1206 1371 1230 occurrunt
1396 1197 1504 1239 Bigot.
1531 1202 1564 1226 et
1590 1193 1694 1227 Goth.

380 1259 471 1291 tert„
494 1263 573 1295 quos
600 1254 667 1295 jam
685 1253 779 1284 toties
803 1252 836 1282 in
864 1251 999 1283 eandem
1029 1250 1201 1282 ledtionem
1219 1248 1394 1280 consentire
1418 1247 1567 1278 vidimus.
1612 1248 1697 1277 ruina

384 1305 469 1337 Dant
481 1307 605 1345 finitum
621 1306 725 1347 ingenti
743 1303 869 1335 Moret.
898 1302 956 1333 sec.
975 1308 1007 1332 et
1022 1312 1088 1343 qu.,
1113 1311 1176 1341 quo
1202 1300 1310 1331 Heins.
1340 1299 1528 1330 Mediceum
1555 1296 1697 1328 alludere

385 1354 571 1391 arbitratur,
597 1356 631 1385 in
648 1364 711 1395 quo
728 1355 841 1385 ruinam
863 1360 895 1383 et
907 1351 1038 1396 sonitum.
1085 1350 1285 1382 Probabilius
1310 1350 1365 1388 est,
1394 1349 1485 1381 istam
1512 1351 1697 1380 Moretano-

334 1402 341 1409 ’
382 1415 457 1438 xum
484 1405 657 1437 leetionem
685 1404 866 1436 confedtam
891 1402 951 1434 esse
979 1414 1017 1434 ex
1044 1402 1137 1434 simili
1161 1403 1272 1444 lapsu:
1297 1402 1395 1433 etiam
1413 1401 1500 1432 Gud.
1529 1411 1548 1430 a
1572 1410 1617 1431 m.
1645 1410 1715 1442 pr..

381 1459 467 1491 ruina
481 1459 564 1490 Dant
577 1457 697 1501 sonitum
720 1458 867 1498 ingentem,
890 1462 922 1486 et
947 1457 1031 1486 ruina
1057 1455 1123 1487 Dat
1137 1454 1259 1498 finitum
1284 1453 1429 1484 Parrhas.
1462 1451 1584 1496 finitum
1599 1450 1697 1482 etiam

384 1511 459 1543 ἷκε.
478 1509 589 1540 Burm.
635 1508 733 1551 Qod
751 1514 861 1538 autern
877 1507 917 1537 ad
933 1505 1124 1537 sententiam
1140 1505 1313 1536 verborum
1329 1504 1457 1542 attinet,
1476 1503 1570 1533 video
1585 1502 1697 1544 utique

383 1560 483 1602 accipi
499 1559 572 1597 hoc,
597 1559 695 1590 etiarn
713 1569 730 1589 a
748 1559 955 1589 Burmanno:
978 1557 1050 1589 dant
1073 1559 1196 1594 ruinam,
1222 1557 1254 1588 id
1277 1556 1332 1595 est,
1356 1555 1472 1587 cadunt
1489 1564 1562 1586 cum
1577 1564 1698 1597 magno

384 1611 500 1644 sonitu.
545 1611 613 1641 Nec
631 1609 777 1642 dubitare
793 1608 880 1647 licet,
903 1609 972 1640 dare
996 1610 1119 1646 ruinam,
1143 1607 1242 1649 vulgo
1270 1608 1316 1639 ita
1341 1607 1416 1638 dici.
1461 1608 1584 1637 Verum
1609 1605 1644 1638 h.
1670 1605 1694 1639 l.

385 1662 597 1706 significatum
621 1662 706 1693 hunc
729 1661 844 1692 habere
862 1660 993 1702 nequit3
1016 1659 1038 1691 sl
1055 1660 1142 1690 enim
1159 1670 1243 1691 nunc
1259 1669 1393 1701 uterque
1409 1658 1537 1695 cadunt,
1551 1658 1697 1700 ineptum

384 1714 472 1753 esset,
497 1724 572 1745 mox
597 1715 778 1744 Aconteum
802 1711 964 1743 excussum
981 1711 1174 1753 praecipitari
1190 1722 1221 1743 v.
1243 1710 1424 1751 615-617.
1471 1709 1573 1751 Igitur
1593 1709 1699 1742 verint

385 1767 536 1803 arbitror,
551 1765 638 1807 quod
654 1765 686 1795 in
703 1764 787 1795 notis
802 1763 904 1806 posui,
925 1762 984 1794 esse
1002 1762 1105 1804 simpl·
1131 1773 1191 1804 pro
1217 1772 1331 1800 ruere3
1353 1761 1480 1792 irruunt
1506 1760 1568 1791 viri
1584 1766 1699 1792 mutuo

386 1818 522 1860 impetu,
550 1825 581 1847 et
598 1816 693 1847 hastis
709 1815 799 1846 elufis
814 1814 872 1857 ipsi
888 1814 961 1856 equi
978 1813 1155 1856 confligunt
1178 1812 1314 1844 adversis
1335 1809 1696 1854 pestoribuS.--—614.

388 1871 455 1901 Dat
474 1870 584 1899 Franc.
625 1868 847 1910 praeflafiaque
871 1873 952 1897 vett.
982 1864 1065 1902 edd„
1094 1871 1165 1895 tum
1192 1864 1267 1895 Ald.
1300 1871 1333 1895 et
1348 1862 1422 1894 inde
1439 1861 1590 1903 vulgatae.
1629 1871 1698 1905 per-

376 1922 540 1965 frustaque
556 1929 593 1949 ex
610 1919 707 1949 Rom.
729 1916 853 1948 Medic.
875 1924 906 1947 et
923 1916 992 1946 aliis
1005 1916 1072 1957 jam
1091 1915 1172 1946 Pier.
1198 1915 1335 1952 notavit,
1360 1921 1392 1945 et
1413 1923 1451 1943 ex
1471 1911 1593 1944 Medic.
1612 1923 1630 1943 a
1651 1923 1697 1944 m.

385 1971 446 2003 sec.
468 1971 598 2011 aliisque
624 1968 783 1999 Heinsius.
829 1967 878 1998 sic
894 1977 1020 2008 quoque
1037 1973 1100 1997 tres
1116 1965 1216 1997 Goth.
1257 1966 1445 2009 perfeHaque
1459 1973 1477 1993 a
1493 1973 1536 1993 m.
1554 1973 1603 2005 pr.
1622 1965 1700 1996 Me-

387 2023 450 2055 die.
469 2029 502 2054 et
521 2021 607 2053 Gud.
649 2020 830 2063 pcrfqffizque
841 2026 915 2049 tert.
934 2020 1052 2048 Moret.
1099 2017 1356 2061 quadripedantum
1373 2015 1526 2056 scriptum
1542 2013 1651 2056 paffim
1667 2016 1701 2046 in

386 2074 480 2107 codd.
503 2073 600 2110 Pier.‚
623 2079 657 2103 ut
675 2071 708 2102 in
734 2072 845 2108 Rom„
870 2077 906 2101 ut
923 2077 954 2100 et
970 2068 1056 2100 alibi.
1104 2068 1256 2112 quadripes
1281 2075 1316 2098 ut
1332 2065 1508 2110 quadrijugi.
1526 2064 1567 2098 cf.
1587 2068 1697 2103 Burm,

388 2126 430 2157 ad
445 2125 506 2162 XI,
523 2124 596 2162 875.
686 2123 759 2160 615.
784 2121 930 2164 Expulsus
947 2119 1054 2161 Bigot.
1145 2118 1219 2149 616.
1242 2120 1368 2150 tormenti
1384 2116 1520 2153 Medic.,
1537 2116 1589 2149 sed
1610 2128 1629 2148 a
1650 2128 1697 2150 m.

388 2187 439 2220 pr.
484 2185 537 2208 aut
552 2185 621 2206 terto
638 2173 738 2205 Goth.
765 2180 840 2204 tert.
885 2176 964 2203 αξῑια
982 2170 1071 2202 Gud.
1088 2181 1107 2201 a
1122 2180 1166 2201 m.
1185 2179 1237 2213 pr.
1254 2177 1285 2201 et
1300 2179 1350 2211 pr.
1365 2170 1494 2210 Menag.

389 2285 529 2325 dendus
556 2284 663 2321 Iliad.
683 2301 725 2329 μ,
752 2283 821 2333 ¹36
840 2281 916 2333 sqq.
939 2285 1011 2332 278

390 2339 468 2389 sqq.
523 2337 640 2374 caelum
679 2336 844 2373 obtexitur
876 2333 1012 2371 umbra.

390 2389 494 2428 conf.
522 2388 591 2426 inf.
625 2386 721 2431 XII,
742 2388 832 2438 ι578
852 2396 882 2422 et
901 2385 1011 2422 obum-

390 2443 495 2481 brant
511 2440 641 2477 ‹ether-a
659 2438 742 2476 telis.
797 2437 917 2474 Etiam
936 2438 1012 2473 vul-

390 2505 485 2582 ᾗῗὲἷι
513 2491 694 2586 siffis,
709 2500 856 2578 ‘issuss'ss
886 2489 1013 2577 affl}

391 2597 545 2634 telorum
565 2595 628 2630 effe
647 2603 902 2643 pugnaturum.
960 2592 1013 2627 At

392 2647 500 2685 Iliad.
534 2665 567 2697 ς,
601 2645 674 2694 366
693 2645 782 2694 sqq„
813 2657 921 2693 quem
942 2656 1014 2679 non

391 2712 477 2737 cum
512 2699 629 2735 nostro
660 2695 876 2732 contendere
908 2694 1015 2731 debe-

393 2751 494 2795 bant,
525 2750 666 2800 pulvere
685 2747 804 2797 caligo
822 2746 1016 2782 obducitur

394 2815 537 2851 pugnae,
551 2813 624 2837 non
637 2799 787 2836 telorum
807 2797 1014 2835 crebritate.

396 2854 507 2891 (uod
544 2862 662 2890 autem
702 2850 847 2890 Servius
881 2849 929 2886 ad
965 2849 1014 2888 vs.

1079 2281 1154 2320 608
1173 2280 1306 2319 habet:
1334 2287 1363 2303 “
1384 2281 1432 2318 Et
1460 2279 1624 2317 Enniana
1649 2280 1697 2318 est

1078 2332 1142 2370 ista
1174 2332 1291 2370 omnis
1319 2332 1509 2370 ambitiosa
1543 2331 1699 2383 descrip-

1079 2384 1132 2420 tio
1147 2383 1182 2421 :’'
1209 2384 1278 2421 hoc
1298 2384 1343 2421 ad
1374 2397 1415 2421 ea
1445 2383 1589 2434 Γρεᾶειῑ,
1619 2397 1699 2433 quae

1077 2435 1183 2486 supra
1201 2435 1276 2479 IX,
1293 2436 1365 2474 806
1385 2435 1461 2485 sqq.
1481 2435 1649 2472 vidimus.

1131 2491 1219 2525 612.
1249 2488 1438 2537 qyrrhemes
1468 2486 1506 2524 h.
1524 2487 1549 2524 l.
1568 2499 1698 2525 nomen

1080 2538 1150 2576 viri
1183 2538 1325 2575 Etrusci
1357 2538 1565 2589 proprium3
1593 2538 1700 2577 Acon-

1080 2601 1147 2626 teus
1181 2603 1200 2627 e
1233 2589 1385 2628 Latinis.
1451 2593 1540 2638 613.
1569 2596 1699 2629 ruinam

1078 2642 1178 2685 dant,
1221 2651 1341 2678 ruunt.
1411 2645 1701 2692 petfivffaque—

1079 2703 1234 2743 rumpunt
1264 2706 1328 2743 pro
1355 2692 1603 2743 perfringunt;
1633 2692 1700 2730 sci-

1079 2743 1166 2781 licet
1193 2745 1288 2781 hasta
1313 2754 1438 2781 neuter
1471 2745 1621 2781 alterum
1649 2755 1701 2781 at-

1081 2797 1228 2845 tigerat,
1257 2795 1378 2845 itaque
1397 2795 1462 2846 ipsi
1478 2795 1561 2845 equi
1580 2797 1702 2833 cont-i-

1081 2847 1146 2884 tati
1176 2846 1481 2896 summoiimpetu
1513 2846 1549 2884 in
1581 2846 1616 2884 se
1645 2847 1700 2894 ip-

1389 2910 1404 2935 1
1654 2898 1709 2936 sos
