1847 3313
420 274 536 322 AD
581 273 961 323 LIBRUM
1015 276 1126 326 VII.
1329 295 1418 344 123

103 407 226 451 dibus,
245 419 413 459 quaeeam
431 408 646 446 dividebant
664 421 685 446 a
702 408 922 448 continenti.
975 411 1088 463 Qiod
1107 411 1145 448 in
1159 411 1286 462 priscae
1302 412 1420 452 Italiae

104 466 250 504 silvestri
267 467 393 505 habitu
413 468 493 518 quis
512 468 679 513 miretur,
712 482 796 506 cum
811 469 896 506 tales
913 470 1010 508 lacus
1026 470 1132 507 multi
1152 472 1272 509 adhuc
1291 472 1358 509 {int
1373 472 1415 510 in

101 526 235 564 vicinis
270 528 374 573 locis,
415 528 571 566 hiberno
598 537 760 580 tempore
791 543 883 579 aqua
911 531 1124 582 stagnantes,
1159 544 1314 582 cumque
1330 532 1419 572 inde

101 588 297 636 procedant
316 587 492 626 Pomtinae
507 588 653 638 paludes
667 605 678 635 3
713 589 764 626 cf.
794 589 990 626 Corradin.
1011 589 1121 627 Latio
1148 601 1221 628 vet.
1261 591 1334 630 To.
1362 591 1418 636 Π,

56 680 59 684 ,
101 656 186 694 pag.
220 659 307 697 ²42·
362 647 488 697 Itaque
508 647 638 686 Strabo
656 648 753 686 inter
777 648 858 685 loca
876 649 1059 686 maritima
1076 650 1243 700 palustria
1260 661 1296 687 et
1321 665 1416 688 mor-

102 706 187 745 bosa
204 709 312 746 etiam
341 710 507 747 Circeios
526 721 690 748 numerat
715 711 783 749 lib.
816 710 869 756 V,
887 725 923 762 p.
959 725 1029 764 353
1051 713 1083 751 C
1102 723 1138 750 et
1157 713 1230 764 ipse
1248 714 1417 752 Circeius

101 780 204 805 mons
236 769 300 819 ipfi
328 772 391 815 est,
424 784 531 821 quem
556 780 704 809 marcet
721 771 868 822 paludes
895 771 1046 809 insulam
1074 773 1243 810 faciunt:
1277 776 1315 811 τὸ
1334 782 1417 825 Kre-

99 831 308 879 καῖον-ὅξος
322 831 466 881 vno-wigor
485 834 530 882 τῇ
555 829 722 883 θαλάττῃ
751 847 787 868 τε
806 831 865 868 κα)
881 835 984 875 ἕλεσι,
1012 845 1048 882 p.
1071 844 1142 883 35¹5
1165 832 1206 870 Β.

106 905 109 907 ·
150 889 290 926 AEaeam
305 889 461 940 appellat
476 888 627 926 insulam
643 889 842 934 Homerus,
861 890 1020 940 hincque
1035 890 1144 928 Maro
1160 891 1235 941 sup.
1253 890 1320 928 Iib.
1340 892 1414 941 ΙΙΙ,Δ

100 948 176 994 386
204 950 328 987 AEaeae
347 950 455 1001 itficla
475 950 599 987 Circes.
653 949 852 1002 Qomodo
869 960 988 987 autem
1016 960 1150 988 veteres
1168 950 1207 986 in
1226 950 1296 987 hoe
1319 950 1412 989 inci-

96 1007 182 1045 dere
199 1009 398 1059 potuerint,
426 1020 465 1047 ut
482 1009 617 1047 Circen
629 1023 675 1047 ex
694 1011 776 1054 AEa,
810 1009 1035 1047 Colchorum
1054 1010 1157 1054 urbe,
1186 1009 1300 1047 AEetae
1315 1013 1412 1062 regis

95 1064 253 1106 sororem
270 1082 320 1105 ex'
330 1069 413 1105 Sole
424 1078 459 1106 et
475 1068 596 1111 Persa,
613 1068 817 1106 transsatam
831 1069 868 1105 in
887 1069 1040 1106 insulam
1060 1069 1152 1105 hanc
1172 1069 1410 1117 collocarent,

95 1125 157 1162 vix
177 1128 372 1178 assequatur
389 1128 536 1179 aliquiS‚
554 1127 619 1165 nifi
639 1129 853 1179 antiquioris
873 1128 1030 1166 Graeciae
1049 1128 1294 1178 ignorantiam
1318 1144 1409 1181 geo-

92 1187 254 1236 graphiae
272 1186 396 1224 animo
412 1197 542 1226 teneat.
597 1188 814 1226 Occidentis
833 1188 963 1226 faciem
981 1198 1017 1226 et
1036 1189 1119 1225 fines
1135 1198 1218 1225 ante
1243 1189 1408 1241 Trojana

93 1237 254 1295 'tempora
281 1245 424 1296 prorsus
441 1246 659 1297 ignorabant
687 1247 829 1292 Graeci,
863 1262 928 1285 nec
947 1259 1029 1285 ante
1049 1247 1250 1285 Homerum
1270 1250 1333 1288 nisi
1354 1252 1408 1290 fa-

91 1304 232 1341 bulosas
247 1305 468 1342 narrationes
481 1306 527 1343 de
543 1319 587 1343 eo
601 1307 712 1357 vulgo
724 1307 947 1346 audiverant.
1001 1307 1126 1358 Itaque
1137 1321 1230 1358 pone
1241 1308 1405 1349 Siciliam

93 1370 262 1414 magnum
282 1367 471 1403 Oceanum
490 1365 777 1404 circumduEtum
798 1366 907 1417 usque
925 1368 970 1404 ad
988 1366 1263 1416 septentrionem
1284 1380 1405 1418 patere

91 1424 280 1463 credidisse
295 1425 476 1464 videntur.
531 1427 612 1476 Jam
631 1426 701 1464 fuit
717 1427 838 1465 fabula
856 1428 978 1478 aliqua
994 1427 1206 1478 perantiqua
1223 1430 1269 1467 de
1291 1431 1405 1469 Circe

90 1483 185 1521 Solis
202 1485 290 1528 filia,
317 1486 378 1522 cui
398 1485 511 1523 insula
525 1486 564 1524 in
576 1487 645 1524 hoc
658 1487 749 1524 mari
764 1489 927 1539 affignari
946 1501 1087 1538 coepta:
1117 1501 1266 1538 eamque
1279 1490 1404 1528 adiiffe

90 1545 225 1580 narrati
245 1544 324 1582 sunt
345 1547 582 1596 Argonautae‚
609 1560 776 1596 quorum,
808 1547 867 1584 seu
889 1547 1034 1584 Tanain
1054 1547 1109 1584 seu
1132 1547 1258 1585 Istrum
1277 1548 1401 1587 invec-

87 1609 223 1648 torum,
241 1618 284 1641 ex
297 1604 478 1643 Colchide
496 1606 630 1642 reditus
644 1619 707 1656 per
725 1607 831 1642 talem
852 1606 1055 1649 Oceanum,
1074 1607 1212 1656 qualern
1228 1617 1315 1645 tune
1335 1609 1401 1648 fibi

88 1663 193 1701 finxit
207 1664 416 1715 antiquitas,
433 1665 546 1701 faetus
572 1664 679 1701 facile
699 1664 797 1702 credi
815 1664 945 1714 potuit.
1003 1664 1226 1714 Temporum
1245 1666 1399 1707 successu

85 1722 183 1759 orbis
207 1723 266 1761 hic
284 1724 410 1774 priscae
428 1724 582 1761 Graeciae
599 1724 746 1774 ignotus
764 1724 860 1761 adiri
881 1724 1031 1761 navibus
1047 1725 1173 1774 coepit,
1202 1725 1398 1778 sensimque

84 1781 214 1827 Italiae,
247 1782 395 1827 Galliae,
428 1782 617 1833 Hispaniae
645 1782 778 1820 notitia
796 1783 918 1833 aliqua
935 1783 1056 1820 verior
1084 1796 1124 1819 ac
1143 1785 1277 1821 certior
1301 1785 1398 1826 inter

85 1840 238 1878 Graecos
266 1842 518 1879 increbescere.
573 1842 907 1880 Accommodarunt
935 1842 1056 1892 itaque
1076 1847 1207 1892 poetae,
1243 1858 1309 1893 pro
1327 1845 1399 1884 suae

82 1899 234 1950 quisque
252 1901 365 1939 aetatis
382 1910 417 1938 et
431 1914 497 1951 pro
514 1901 584 1938 suae
602 1901 757 1938 scientiae
776 1901 940 1946 modulo,
958 1911 1092 1939 veteres
1109 1902 1246 1940 fabulas
1264 1904 1310 1941 ad
1331 1919 1396 1944 no-

83 1971 144 1995 vas
161 1961 309 1998 notitias
325 1960 542 2005 occidentis,
567 1960 769 2010 cujusmodi
787 1961 881 1997 forte
899 1972 974 1998 tum
994 1970 1094 1998 erant
1116 1975 1124 1998 :
1170 1974 1278 2012 atoue
1305 1965 1393 2005 hinc

80 2017 143 2056 issa
157 2019 356 2057 fabularum
369 2019 565 2063 diversitas,
582 2019 747 2070 inprimis
761 2020 799 2056 in
819 2020 1094 2070 Argonauticis,
1114 2032 1208 2058 nata.
1245 2024 1325 2061 Nec
1342 2026 1393 2063 fa-

78 2078 150 2122 cile
167 2080 213 2116 est
233 2079 425 2129 quicquam
445 2079 559 2122 aliud,
572 2080 671 2128 quod
685 2078 931 2129 Orphicorum
950 2082 978 2116 A
987 2082 1280 2130 rgonauticorum
1294 2083 1393 2123 haud

79 2137 239 2175 infimam
266 2139 532 2189 antiquitatem,
551 2139 575 2175 fi
593 2153 665 2176 non
682 2139 885 2182 verborum,
917 2140 1117 2190 argumenti
1139 2151 1270 2182 tamen.
1289 2157 1392 2195 aeque

78 2208 221 2248 arguat,
261 2212 369 2250 quarn
395 2200 585 2249 ἀνιςοςησία
612 2200 778 2241 locorum
801 2198 840 2235 in
864 2199 1152 2236 occidentalibus
1182 2203 1309 2246 terris;
1350 2212 1387 2241 et

77 2259 164 2303 hoc,
199 2272 281 2296 cum
300 2259 478 2309 ejusmodi
505 2260 584 2297 aliis
603 2260 730 2297 veteris
747 2260 1003 2310 geographica:
1030 2261 1186 2298 notionis
1215 2263 1388 2313 vestigiis,

74 2319 138 2362 est,
167 2317 264 2368 quod
283 2318 321 2355 in
349 2331 392 2354 eo
411 2319 570 2356 carmine
587 2319 754 2370 inprimis
775 2319 1003 2368 specstandum
1027 2319 1160 2363 veniet,
1197 2322 1221 2358 fi
1240 2323 1320 2372 quis
1339 2324 1386 2361 ad

75 2376 322 2429 illustrandum
364 2378 452 2414 illud
490 2380 634 2416 accedet
667 2378 704 2415 in
741 2380 932 2429 posterum.
986 2378 1233 2428 Orphicorum
1270 2381 1386 2432 igitur

75 2438 200 2474 auctor
229 2438 304 2487 jam
335 2438 500 2476 notitiam
532 2439 691 2489 aliquam
718 2449 899 2487 acceperat
919 2440 963 2474 de
981 2449 1213 2488 procurrente
1229 2440 1266 2477 in
1284 2441 1383 2477 oeci-

72 2497 215 2534 dentem
237 2496 396 2548 Europa,
416 2497 515 2547 isque
527 2497 654 2535 Circes
670 2496 823 2533 insulam
838 2506 937 2535 extra
955 2497 1085 2533 fretum
1100 2497 1327 2536 Gaditanum
1342 2499 1382 2538 in

72 2556 221 2598 Oceano
245 2556 462 2596 occidentali
482 2557 628 2608 quidem
647 2554 840 2593 collocavit
877 2557 931 2604 (v.
956 2570 1045 2606 1205
1070 2556 1146 2607 sqq.
1172 2558 1257 2594 coll.
1284 2571 1382 2610 1239

69 2612 180 2665 sqq),
209 2617 365 2665 Lycaeam
397 2625 516 2659 tamen
547 2619 595 2653 cal
622 2627 746 2653 terram
767 2631 781 2653 .·
827 2617 950 2666 Κίςκης
977 2615 1282 2661 δόμον-Λυκαῖόν
1300 2618 1382 2666 ποτὶ

68 2678 214 2724 χέςσονε
246 2675 284 2712 in
315 2689 383 2725 qua
411 2676 551 2728 ngures
582 2676 691 2713 latere
719 2676 837 2713 nullus
856 2675 1001 2720 dubito,
1035 2674 1199 2727 adeoque
1226 2679 1380 2727 praefero

69 2730 273 2770 Voffianam
291 2734 494 2779 lechonem,
523 2748 602 2785 quae
621 2733 659 2771 in
679 2734 852 2772 sexcentis
870 2735 958 2771 locis
981 2736 1092 2786 recipi
1112 2737 1148 2774 in
1167 2747 1380 2777 contextum

65 2783 234 2837 debebat,
266 2799 440 2841 meyyxTov,
475 2784 554 2844 quae
568 2793 715 2844 propior
736 2794 782 2830 est
810 2795 854 2831 ad
883 2796 1066 2844 vulgarem
1093 2796 1217 2833 sonum
1248 2812 1377 2844 myos.

68 2852 286 2903 Apollonius
313 2853 388 2900 IV,
425 2854 500 2905 646
516 2853 561 2901 de
578 2854 803 2905 Argonautis
820 2866 829 2891 :
869 2853 909 2900 δί
931 2854 1025 2894 ἔθνεα
1040 2857 1146 2906 [Agma
1166 2862 1300 2894 Κελτῶν
1317 2857 1378 2895 καὶ

639 2916 642 2917 ’
1249 2919 1377 2965 Λιγύων
