1847 3313
301 276 404 332 716‘
633 271 1151 324 EXCURSUS
1205 262 1335 320 111'

293 415 445 455 Nomen
470 411 688 450 Latinorum
709 407 853 459 utrique
870 406 970 459 genti
992 405 1214 457 impositum,
1242 414 1279 443 ut
1295 398 1458 453 adverfics
1474 413 1633 442 terrorem

298 475 379 514 belli
393 489 464 511 cum
486 469 617 508 Rutulis
636 475 760 507 animos
791 465 1093 518 Aborzgimtmsibi
1108 464 1294 503 conciliaret
1306 477 1320 500 ··
1365 480 1405 502 ne
1421 464 1492 514 sub
1525 466 1631 502 eodem

282 540 369 588 jure
369 533 481 584 soltmt
486 533 554 582 fid
565 535 666 567 etiam
686 533 813 565 nomine
824 541 929 563 onmes
947 541 963 561 (-
988 535 1056 564 ent.

350 595 477 631 Altera
489 591 534 628 est
552 587 755 626 observatio
775 584 935 629 artificii,
963 596 1036 635 quo
1059 586 1170 634 poeta
1187 594 1207 619 e
1226 581 1330 620 rebus
1358 591 1394 619 et
1412 580 1516 618 faffis
1547 579 1631 632 plu-

295 653 392 693 rium
424 663 599 689 annorum
635 647 709 698 post
738 646 866 685 AEneae
900 645 946 680 ad
977 642 1121 680 Italiam
1153 641 1296 678 aditum
1327 641 1439 692 elegit
1471 640 1632 690 potiora,

296 712 481 750 distribuit
501 723 540 747 ac
556 706 733 758 disposuit
753 705 816 749 fic,
843 714 882 740 ut
902 703 940 740 in
957 703 1095 741 summa
1113 701 1287 742 carminis
1304 699 1566 753 comprehendi
1585 712 1630 738 ea

297 772 446 824 possent.
504 769 562 805 De
577 765 707 818 quibus
724 773 763 801 ut
778 763 905 800 melius
933 761 1083 806 constet,
1111 759 1343 809 subjiciemus
1363 769 1547 809 tamquam
1567 755 1634 794 sub

298 845 411 870 unum
435 831 605 868 obtutum
623 826 742 864 varias
775 822 992 876 scriptorum
1025 831 1188 860 veterum
1225 819 1283 857 his
1312 820 1358 857 de
1389 818 1495 857 rebus
1512 830 1634 855 narra-

303 902 437 929 nones.

351 950 470 989 Fuiffe
487 947 662 1000 primum,
691 945 755 994 qui
777 942 931 981 omnino
966 940 1132 993 negarint
1159 940 1215 977 vel
1242 937 1462 982 dubitarint,
1492 950 1539 974 an
1565 949 1636 974 un-

297 1026 407 1064 quam
439 1009 572 1047 AEneas
599 1005 746 1044 Italiam
774 1003 922 1048 adierit,
969 1002 1074 1047 alios,
1102 1000 1166 1051 qui
1197 1000 1320 1037 adiisse
1350 998 1517 1050 quidem,
1560 997 1635 1046 sed,

298 1073 462 1112 Ascanio
500 1069 625 1108 relifflo
655 1079 782 1118 regnO,
810 1066 848 1103 in
873 1064 1001 1103 Asiam
1034 1062 1174 1102 rediisse
1198 1060 1435 1104 tradiderint,
1466 1057 1636 1108 utrosque

297 1148 409 1187 prava
429 1129 713 1170 Homericomm
732 1125 897 1163 versuum
918 1124 1216 1175 interpretatione
1250 1122 1440 1163 addunos,
1464 1120 1542 1170 jam
1561 1119 1637 1156 alio

297 1198 385 1235 loco
403 1192 584 1232 monitum
601 1189 673 1225 est:
704 1186 867 1237 Disquis.
887 1185 924 1222 II
943 1184 972 1223 s.
993 1185 1029 1222 ΙΙ
1049 1184 1101 1234 sq.
1130 1182 1183 1222 cf.
1206 1181 1363 1230 Dionys.
1387 1180 1420 1222 Ι,
1445 1193 1505 1231 53.
1560 1178 1636 1217 Sed

297 1269 442 1299 eorum,
482 1252 547 1303 qui
582 1249 705 1287 AEneae
733 1248 910 1285 accessum
941 1247 986 1285 ad
1013 1244 1157 1283 Italiam
1191 1254 1377 1293 tamquam
1406 1240 1635 1280 historiarum

301 1318 375 1355 fide
390 1322 576 1364 acceptam
590 1308 830 1352 tradiderant,
858 1306 1044 1358 vulgarem
1065 1303 1311 1340 narrationem
1337 1301 1432 1338 banc
1464 1297 1635 1351 apposuit

303 1375 501 1426 Dionysius
517 1371 584 1409 lib.
600 1370 634 1413 1,
658 1369 718 1420 56,
746 1380 856 1419 quam
883 1365 1045 1403 breviter
1062 1364 1123 1401 hic
1143 1361 1443 1403 memorabimus,
1471 1370 1526 1404 ut,
1555 1372 1636 1410 quae

302 1440 415 1491 poeta
433 1434 549 1473 noster
564 1429 649 1468 inde
667 1438 727 1465 aut
747 1425 963 1465 transtulerit
982 1433 1045 1463 aut
1066 1422 1284 1464 immutarit,
1313 1433 1386 1459 uno
1406 1419 1530 1457 haustu
1549 1432 1639 1471 cog-

304 1497 407 1538 nosci
422 1494 538 1547 poffit.
591 1489 671 1541 Qi
691 1488 813 1526 videre
829 1486 927 1524 volet
945 1497 1000 1530 ea,
1029 1497 1109 1535 quze
1135 1482 1199 1520 alii
1231 1481 1374 1519 diversa
1390 1478 1638 1522 tradiderunt,

303 1558 411 1603 adeat
430 1553 596 1593 Livium,
627 1548 859 1591 Strabonem,
888 1545 1015 1583 Aurel.
1032 1543 1239 1585 Viftorem,
1267 1540 1373 1578 alios.
1429 1539 1551 1589 Capto
1566 1537 1642 1588 igi-

305 1629 366 1658 tur
383 1629 430 1655 ex
448 1614 520 1652 suis
548 1612 638 1650 albae
664 1610 739 1647 fetu
766 1609 904 1645 ostento
922 1613 1105 1642 narratum
1131 1602 1193 1645 est,
1222 1601 1364 1643 AEneae,
1393 1599 1431 1636 in
1445 1597 1637 1638 condenda

305 1678 410 1722 urbe,
439 1688 520 1727 quae
533 1685 620 1711 mox
640 1668 789 1709 Lavinii
808 1679 941 1705 nomen
960 1673 1150 1715 acceptura
1182 1670 1256 1699 erat
1295 1663 1393 1708 (nam
1423 1657 1554 1695 dehac
1577 1656 1642 1694 ille

305 1737 484 1789 loquitur,
511 1746 585 1771 non
599 1731 645 1768 de
656 1729 815 1779 Troja),
842 1734 1039 1775 occupato,
1067 1720 1300 1773 supervenisse
1315 1718 1488 1757 Latinum
1504 1729 1642 1766 regem,

308 1798 374 1849 qui
417 1807 496 1835 turn
540 1791 709 1831 adversus
739 1787 899 1826 Rutulos
929 1785 1053 1836 copias
1101 1783 1288 1821 eduxerat.
1359 1777 1504 1816 Moniti
1547 1785 1643 1813 uter-

309 1871 381 1907 que
415 1857 454 1895 in
490 1853 658 1904 sequente
692 1849 814 1893 ῐιοξὶε,
867 1847 958 1884 alter
992 1857 1013 1881 a
1052 1841 1260 1885 Penatibus,
1317 1840 1409 1877 alter
1439 1837 1484 1874 ab
1531 1835 1643 1878 hero&

308 1917 481 1968 Indigete
515 1926 578 1965 per
612 1909 730 1949 visum
761 1907 903 1950 oblato,
945 1917 1029 1942 curn
1067 1902 1144 1940 dies
1187 1899 1373 1943 illuxiffet,
1402 1897 1521 1936 soedus
1549 1896 1645 1934 inter

309 1977 344 2015 se
363 1975 519 2018 faciunt,
546 1971 647 2023 quod
662 1968 767 2018 supra
787 1973 1025 2003 memoratum
1046 1962 1116 2007 est;
1147 1969 1226 1998 tum
1244 1959 1404 2009 Trojani
1435 1970 1518 1994 cum
1539 1955 1642 1993 Lati-

309 2036 367 2076 nis
383 2035 520 2073 bellum
540 2028 705 2068 adversus
724 2024 882 2064 Rutulos
902 2022 1095 2073 repetitum
1113 2020 1215 2059 brevi
1236 2019 1458 2063 conficiunt3
1488 2017 1648 2067 indeque

309 2094 438 2136 reversi
457 2092 586 2131 urbem
605 2088 811 2128 absolvunt,
840 2081 989 2120 Lavinii
1009 2081 1157 2119 nomine
1180 2079 1364 2130 imposito.
1419 2077 1534 2115 Erant
1552 2089 1646 2126 quo-

310 2168 384 2208 que
401 2153 534 2203 templa
551 2161 586 2187 et
605 2146 675 2185 alia
694 2153 904 2184 ornamenta
924 2141 1088 2186 Lavinii‚
1113 2153 1193 2191 quae
1223 2139 1270 2177 ad
1286 2139 1439 2176 AEneam
1457 2137 1642 2175 annonem

310 2215 558 2261 referebantur
578 2207 752 2258 (Dionys.
771 2207 805 2251 I,
822 2207 903 2254 64).
932 2204 1116 2244 Haetenus
1135 2201 1309 2252 TroJ'anis
1328 2199 1422 2238 solus
1441 2199 1640 2249 imperave-

312 2286 369 2315 rat
387 2276 534 2316 AEneas,
562 2269 620 2308 sed
640 2277 785 2307 mortuo
804 2264 940 2302 Latino
975 2263 1015 2300 in
1051 2261 1256 2299 universum
1277 2272 1426 2310 regnum
1457 2255 1645 2301 succedit;

311 2336 449 2375 fastum
466 2334 536 2375 hoc
555 2330 594 2367 in
611 2329 707 2366 bello
721 2324 887 2363 adversus
905 2322 1079 2365 Rutulos,
1107 2321 1172 2372 qui
1191 2321 1320 2360 iterum
1336 2332 1356 2355 a
1374 2315 1515 2354 Latinis
1542 2315 1648 2353 defe-

312 2404 437 2435 cerant
453 2392 598 2433 aue‘tore
612 2389 761 2430 Turno,
789 2385 946 2425 Amatne,
975 2381 1101 2418 Latini
1117 2379 1256 2424 uxoris,
1282 2375 1516 2420 consobrino,
1544 2384 1580 2411 et
1598 2374 1648 2412 ob

313 2457 459 2509 nuptias
477 2449 642 2493 Laviniae
656 2447 701 2484 ab
715 2456 840 2483 extero
854 2444 1070 2493 interceptas
1089 2441 1201 2483 irato,
1232 2439 1366 2476 Amata
1383 2445 1527 2488 quoque
1544 2435 1649 2472 insti-

315 2527 437 2574 gante.
488 2514 545 2552 Ita
562 2511 660 2556 bello
678 2507 834 2546 conflato
852 2516 934 2543 acre
951 2502 1114 2554 praeiium
1133 2499 1376 2544 commissum,
1405 2510 1478 2548 quo
1494 2495 1651 2537 Latinus

314 2589 352 2616 et
366 2578 514 2615 Turnus
530 2572 585 2623 (in
598 2582 670 2620 quo
682 2564 857 2604 consentit
872 2563 1001 2613 justin.
1023 2560 1175 2603 XLIII,
1207 2573 1240 2602 1,
1265 2561 1325 2603 11)
1347 2569 1432 2594 cum
1451 2555 1532 2592 aliis
1551 2554 1648 2592 ceci-

315 2638 463 2680 derunt,
489 2634 622 2672 AEneas
645 2637 765 2664 tamen
796 2622 986 2661 vietor-iam
1015 2621 1163 2671 adeptus
1194 2619 1254 2656 est.
1309 2615 1395 2653 Hoc
1428 2624 1520 2659 erat,
1547 2613 1649 2664 quod

316 2697 460 2754 Jupiter
478 2690 692 2745 praedixerat
707 2686 773 2723 lib.
789 2684 823 2729 I,
851 2683 900 2722 26
906 2695 924 2731 3
959 2680 1088 2718 Bellum
1121 2685 1237 2730 ingens
1261 2685 1357 2728 geret
1376 2674 1487 2712 Italia
1499 2672 1648 2724 populcfi

317 2761 511 2810 queseroces
531 2749 719 2788 Contundet
736 2755 808 2782 etc.
862 2742 948 2780 Nec:
982 2740 1136 2778 multum
1164 2738 1296 2775 abeunt
1323 2734 1466 2778 Livius,
1496 2732 1647 2770 Strabo,

317 2827 355 2861 et
381 2825 536 2869 quorum
567 2807 690 2863 potior
718 2801 910 2852 auetoritas
936 2799 1119 2846 habenda,
1157 2796 1326 2839 Lutatius
1364 2792 1519 2832 Catulus
1551 2789 1648 2841 apud

573 2865 580 2872 ἲ
1506 2850 1650 2894 vietor.
