1847 3313
451 251 793 300 PRIORIS
848 253 1324 305 EDITIONIS.
1519 283 1544 330 7

227 389 492 441 etiamnum
517 392 758 454 profiteor,
793 391 963 439 habere
1000 410 1079 439 me
1116 395 1206 442 hoc
1242 397 1289 443 in
1316 399 1452 455 vot13‚
1487 412 1538 448 ut

224 475 283 520 ad
320 474 577 520 editionem
623 476 742 521 hanc
777 477 913 522 novis
950 478 1073 524 curis
1109 480 1451 527 emendandam
1481 498 1535 528 ac

221 555 605 618 locupletandam
639 558 884 606 conferant
919 561 1024 607 suas
1048 578 1161 625 opes
1194 577 1238 609 et
1261 563 1420 625 copias
1446 565 1534 611 viri

219 641 348 687 docti
384 654 430 688 et
467 643 660 705 publice
695 657 980 707 proponant,
1015 648 1097 708 qui
1123 648 1171 692 in
1208 646 1351 710 po'e'ta
1384 647 1533 693 inter-

216 726 450 789 pretando
473 742 525 773 ea
548 738 751 774 utentur.
789 729 861 775 Ita
884 729 1080 776 demum
1105 731 1340 794 expectari
1363 731 1532 793 potest,

216 818 268 852 ut
293 807 502 855 summus
525 808 667 871 po'e‘ta
689 810 890 872 dignam
914 809 956 856 se
973 810 1268 856 nanciscatur
1290 811 1528 872 interpre-

215 891 460 938 tationem.
531 893 649 939 Sunt
689 893 817 938 enim
856 893 904 938 in
944 893 1034 938 hoc
1072 908 1244 955 genere
1266 892 1529 953 innumera,

211 974 261 1021 in
285 991 391 1037 quae
415 973 595 1025 incidas
619 974 793 1036 potius,
826 989 969 1036 quam
997 984 1048 1018 ut
1069 989 1120 1019 ea
1145 974 1419 1023 meditando
1440 993 1524 1024 ex„

210 1057 395 1112 tundas,
445 1071 529 1102 nec
570 1055 707 1101 unius
749 1054 886 1101 facile
930 1054 1136 1100 hominis
1177 1054 1400 1117 sagacitas
1440 1072 1521 1106 aut

207 1137 415 1183 studium
438 1136 747 1198 consequatur
776 1137 954 1201 omnia,
1028 1136 1176 1183 Fuere
1209 1152 1399 1200 quoque
1431 1140 1521 1187 viri

205 1220 350 1276 docti,
383 1220 465 1281 qui
491 1218 609 1264 votis
654 1218 725 1270 his
761 1219 879 1270 meis
913 1218 1262 1281 responderent.
1335 1220 1521 1284 Propo-

205 1304 332 1351 suere
372 1304 499 1349 enim
538 1302 864 1364 supplementa
905 1303 953 1352 in
987 1303 1227 1366 Georgica
1263 1304 1518 1364 GeisserUS,

203 1384 535 1448 Bergstraeffer,
570 1383 777 1441 Nezker,
823 1385 912 1446 viri
944 1384 1210 1441 doetislimss
1255 1385 1379 1433 inter
1404 1404 1516 1451 quae

202 1485 295 1517 non
318 1484 470 1532 pauca
493 1468 612 1526 sunt,
646 1484 755 1530 quae
796 1467 894 1530 ipse
931 1469 979 1514 in
1019 1484 1141 1519 nova
1164 1468 1336 1530 prioris
1362 1470 1515 1518 Volu...

199 1551 342 1600 minis
388 1550 655 1597 recensione
692 1549 1020 1611 aniplee‘tenda
1057 1551 1250 1612 putabo.
1324 1553 1511 1616 Accepi

196 1632 550 1682 communicata
575 1632 664 1677 alia
688 1649 770 1693 per
800 1633 979 1680 litteras
1003 1649 1029 1682 a
1053 1633 1169 1679 Ven.
1195 1633 1428 1691 Ernestio,
1463 1649 1511 1682 et

193 1731 220 1761 a
246 1714 549 1771 Ruhnkenio,
586 1714 690 1766 viro
730 1716 777 1761 in
817 1726 914 1768 arte
953 1716 1117 1761 critica
1145 1716 1387 1779 utriusque
1409 1717 1508 1764 ser-
1537 1722 1541 1726 ’

192 1799 347 1846 monis
384 1797 588 1854 summo,
635 1814 742 1861 quae
775 1797 1115 1860 supplementis
1139 1797 1300 1844 Tomo
1335 1814 1505 1863 quarto

189 1881 493 1945 subjiciendis
519 1880 715 1927 inserere
739 1879 976 1933 constitui,

255 1964 312 2010 In
335 1964 557 2010 varietate
581 1963 814 2010 enotanda
847 1964 905 2009 ab
945 1962 1084 2022 initio
1117 1980 1234 2013 onus
1260 1966 1378 2013 mihi
1404 1969 1500 2016 im..

186 2046 454 2109 posueram,
489 2044 591 2107 ipso
627 2061 786 2107 operae
823 2043 1034 2106 proceffu
1072 2044 1188 2103 adeo
1228 2047 1498 2108 molestum,

185 2143 237 2185 ut
261 2131 500 2177 interdum
524 2130 602 2175 vix
629 2130 817 2176 tolerari
841 2130 964 2191 poffe
989 2130 1239 2188 videretur.
1307 2131 1397 2178 Sed
1419 2149 1497 2179 re-

183 2231 404 2277 ceperam
428 2214 586 2268 semel,
619 2228 813 2258 omnem
839 2229 914 2258 me
938 2213 1214 2258 varietatem
1232 2228 1326 2262 non
1347 2215 1494 2261 modo

179 2297 240 2352 ab
266 2295 463 2356 Heinsio
487 2307 533 2341 et
558 2295 830 2341 Burmanno
849 2307 1103 2352 enotatam,
1128 2310 1293 2340 verum
1318 2306 1363 2340 et
1381 2295 1493 2343 Pie-

178 2380 374 2437 rianam,
408 2390 454 2424 et
476 2377 537 2424 fic
562 2395 717 2440 porro,
752 2378 838 2424 effe
862 2377 1180 2441 adjecftururn3
1216 2393 1329 2424 cum
1353 2379 1492 2441 equi-

177 2461 291 2507 dem
314 2461 459 2519 fidem
482 2473 650 2524 putem
682 2460 769 2523 effe
804 2461 1118 2522 praestandam
1151 2460 1294 2506 etiam
1332 2461 1382 2522 in
1417 2478 1488 2520 eo,

177 2545 306 2607 quod
344 2546 467 2591 male
506 2545 754 2607 receperis,
791 2543 920 2590 nolui
957 2544 1016 2589 ab
1054 2559 1124 2600 eo,
1173 2543 1302 2604 quod
1341 2543 1486 2604 semei

174 2627 442 2690 susceptum
480 2640 594 2691 erat,
628 2627 858 2692 recedere.
929 2626 1060 2672 Tum
1084 2626 1294 2670 virorum
1317 2624 1487 2673 docto-

173 2724 283 2773 rum
298 2708 480 2772 judicia
513 2707 653 2771 super.
673 2709 895 2774 varietate
928 2706 1139 2754 lectionis
1175 2716 1220 2750 et
1256 2704 1484 2769 codicum

172 2790 525 2855 comparatione
557 2791 839 2859 plerumque
862 2807 916 2855 ea
937 2789 1059 2849 sunt,
1104 2800 1157 2837 ut
1191 2786 1312 2834 nihil
1334 2786 1483 2832 omit-

1285 2865 1484 2917 tendum
