1847 3313
393 304 492 353 490
732 284 1239 335 EXCURSUS
1305 291 1329 338 1

795 662 1196 710 EXCURSUS
1249 663 1285 711 12

719 789 898 835 Auxilia
924 792 1078 838 AEneae
1098 809 1146 837 ex
1172 790 1371 837 Etruria.

391 873 497 958 L!
515 928 554 952 Β·
586 915 635 956 Χ,
663 914 732 952 166
753 914 828 966 sqq·
859 916 948 954 Non
965 930 1091 954 omnes
1106 915 1238 953 veteris
1259 914 1414 952 Etruriae
1429 911 1596 949 civitates
1617 923 1697 948 me-

389 975 525 1013 morari
545 988 565 1011 a
588 976 712 1025 pce'ta,
733 989 816 1013 cum
836 975 961 1027 copias
982 977 1065 1014 inde
1085 976 1255 1013 addufias
1277 974 1451 1016 recenset,
1470 971 1698 1009 manifestum

387 1036 453 1072 cst.
510 1035 568 1072 Ex
586 1034 631 1071 iis
651 1048 812 1085 quoque,
832 1034 1029 1073 duodecim
1053 1049 1218 1077 numero,
1243 1034 1472 1075 civitatibus,
1491 1045 1572 1082 quae
1599 1045 1694 1069 rem·

389 1095 576 1147 publicam
603 1096 839 1133 Etruscorum
870 1098 1152 1140 constituebant,
1182 1097 1326 1148 Classiam
1357 1105 1394 1131 et
1422 1094 1525 1130 Caere
1552 1101 1694 1130 tantum

387 1154 540 1193 :nornine
572 1153 704 1206 posuit,
738 1155 896 1204 reliquas
929 1156 1118 1205 prseteriit.
1174 1155 1317 1192 Habuit
1346 1154 1462 1205 igitur
1493 1151 1693 1189 dileetum?

388 1229 439 1254 an
456 1227 594 1254 temere
613 1215 796 1266 apposnit,
824 1230 906 1266 quae
934 1217 969 1253 in
1002 1227 1163 1254 mentem
1185 1215 1405 1260 veniebant?
1464 1215 1504 1252 Si
1537 1214 1696 1253 nostrum

388 1276 594 1328 Virgilium
605 1276 700 1313 bene
720 1275 822 1318 novi,
840 1276 968 1313 habuit
986 1276 1048 1313 ille
1067 1275 1164 1313 haud
1184 1275 1310 1318 dubie,
1330 1275 1428 1325 quod
1447 1288 1529 1312 cum
1553 1273 1698 1322 judicio

387 1347 428 1376 et
453 1337 590 1373 veteris
621 1335 810 1373 memoriae
839 1336 1003 1386 respectu
1030 1336 1069 1373 in
1088 1336 1262 1373 hocloco
1281 1335 1518 1386 sequeretur;
1545 1334 1583 1371 in
1615 1334 1697 1372 aliis

388 1397 555 1449 quidem,
573 1395 671 1446 quod
690 1396 884 1433 maritimae
903 1397 1010 1434 urbes
1027 1396 1107 1433 sunt
1124 1406 1161 1433 et
1178 1395 1327 1433 navium
1347 1395 1494 1445 copiam
1521 1395 1695 1446 suppedi-
1712 1442 1717 1445 ‚

388 1466 467 1496 tant
489 1472 501 1501 ;
538 1456 574 1493 in
602 1454 682 1497 aliis
703 1455 966 1506 cognationem
988 1466 1025 1493 et
1043 1455 1246 1493 amicitiam
1274 1468 1357 1494 cum
1379 1455 1570 1498 Romanis,
1599 1465 1639 1493 ut
1656 1455 1697 1493 in

389 1517 514 1556 Clusio
542 1525 579 1554 et
597 1515 737 1559 Caere;
779 1515 835 1552 seu
872 1515 1014 1553 fabulas
1050 1515 1201 1566 priscas,
1232 1526 1272 1552 ut
1301 1515 1341 1553 in
1361 1517 1534 1553 Mantua.
1591 1516 1695 1559 Caere

387 1578 541 1629 quidem
570 1576 710 1614 summo
738 1588 821 1613 cum
841 1575 975 1613 dileetu
995 1576 1114 1626 primo
1141 1576 1223 1614 loco
1243 1576 1375 1626 posu-it,
1406 1575 1578 1627 quoniam
1604 1576 1695 1614 Me-

387 1638 553 1676 zentium
584 1649 711 1687 regem
743 1637 886 1686 pulsum
919 1637 1016 1675 bello
1041 1636 1209 1687 persequi
1232 1636 1450 1675 decreverat
1477 1650 1520 1674 ea
1546 1636 1697 1680 civitas,

386 1698 511 1736 castris
548 1697 587 1734 in
621 1696 830 1747 propinquo
864 1695 962 1734 urbis
999 1696 1141 1747 positis,
1186 1696 1318 1746 quibus
1349 1695 1484 1734 AEneas
1518 1707 1695 1747 exceptus

388 1759 518 1796 tumsta
554 1757 671 1794 statim
708 1756 755 1793 ad
790 1756 1058 1807 profeffionem
1093 1766 1223 1807 parata
1259 1755 1399 1806 reperit
1441 1755 1536 1806 (sup.
1574 1756 1695 1799 VIII,

388 1820 612 1869 478—494.
641 1815 714 1864 603
749 1815 820 1865 sq.)
845 1830 853 1852 :
888 1814 988 1865 quod
1009 1815 1073 1852 nifi
1091 1825 1299 1865 opportune
1327 1814 1524 1858 accidisset,
1551 1814 1597 1852 ad
1625 1829 1695 1866 pa·

387 1876 520 1916 xandas
540 1874 666 1926 copias
691 1888 794 1912 mora
814 1874 909 1911 facia
927 1875 1026 1917 esset,
1055 1889 1136 1925 quae
1165 1876 1282 1925 poe'tae
1299 1884 1415 1912 totam
1443 1874 1692 1914 narrationem

387 1936 643 1990 perturbasset.
698 1935 850 1972 Mature
870 1943 993 1979 autern
1023 1947 1106 1971 cum
1131 1934 1309 1972 Romanis
1340 1935 1522 1972 Caeretani
1540 1934 1580 1972 in
1599 1936 1692 1973 ami-

386 1994 515 2035 citiam
534 2005 569 2032 et
589 1993 801 2032 societatem
821 2007 970 2037 venere,
1002 1994 1108 2031 saeris
1130 2005 1166 2031 et
1185 1995 1449 2037 sacerdotibus,
1485 2009 1569 2033 cum
1591 1996 1694 2035 Galli

384 2056 631 2096 advenissent,
647 2054 817 2102 receptis.
847 2067 885 2090 v.
907 2053 993 2090 Liv.
1012 2053 1064 2095 V,
1084 2067 1147 2103 40.
1170 2067 1231 2105 50.
1286 2054 1329 2091 In
1341 2054 1531 2093 civitatem
1545 2069 1694 2107 quoque

384 2115 559 2167 adscripti
577 2114 671 2156 sunt,
702 2114 766 2150 etfi
783 2114 854 2151 fine
875 2113 1059 2164 suffragio.
1117 2114 1319 2151 Caeretanis
1339 2113 1507 2152 societate
1523 2115 1693 2164 adjunxit

382 2178 498 2227 poeta
517 2174 687 2212 civitates
701 2173 784 2210 loco
804 2171 964 2214 vicinas,
984 2172 1173 2223 plerasque
1199 2173 1397 2211 littoralem
1418 2174 1574 2212 Etruriae
1590 2175 1691 2228 regi·

383 2249 494 2274 onem
509 2234 724 2275 incolentes,
743 2246 827 2269 nam
853 2232 1066 2283 longinquis
1084 2233 1174 2270 locis
1200 2233 1323 2282 copias
1343 2234 1518 2272 arceffere
1534 2248 1605 2273 non
1621 2250 1693 2288 po.

384 2297 458 2335 tuit
474 2311 484 2340 ;
515 2293 637 2345 potuit
653 2292 742 2330 alias
758 2305 902 2342 quoque
924 2292 1081 2330 rationes
1101 2293 1274 2344 speciare,
1294 2307 1382 2344 quas
1397 2294 1433 2331 in
1452 2295 1560 2332 tantis
1579 2296 1692 2335 histo-

382 2357 448 2395 riae
481 2353 720 2392 Etruscorum
753 2351 911 2389 tenebris
943 2364 1038 2389 nunc
1065 2352 1292 2403 ignoramus.
1347 2354 1443 2392 Illud
1475 2365 1598 2393 tamen
1629 2358 1690 2397 vel

381 2415 545 2454 maxime
565 2406 694 2455 miror,
723 2411 821 2462 quod
846 2413 944 2449 nulla
964 2413 1138 2456 δανίσητε,
1165 2413 1225 2451 seu
1246 2415 1390 2464 Corythi
1409 2415 1560 2459 veteris,
1587 2430 1691 2456 men-

381 2477 436 2514 tio
456 2475 550 2513 faeta
569 2473 631 2515 est,
659 2486 743 2509 cum
763 2472 848 2508 inde
867 2471 1053 2521 originem
1074 2474 1216 2511 trahere
1236 2473 1351 2511 dic'tus
1372 2474 1459 2511 esset
1476 2475 1690 2521 Dardanus,

380 2536 446 2572 etfi
468 2538 595 2572 Acron
611 2531 697 2569 inde
713 2529 886 2568 oriundus
907 2530 973 2568 inf.
997 2531 1046 2574 X,
1069 2545 1144 2582 ,719
1163 2543 1402 2570 memoratur.
1460 2534 1531 2571 Sed
1548 2535 1572 2573 fi
1592 2538 1689 2575 recte

379 2594 557 2644 conjicio,
576 2605 660 2630 cum
677 2592 816 2642 Agylla
833 2601 937 2628 vetus
957 2592 1190 2643 Pelasgorum
1206 2593 1289 2630 urbs
1304 2594 1403 2636 esset,
1423 2593 1460 2630 in
1473 2593 1686 2634 societatem

381 2653 569 2703 adscripsit
600 2652 712 2702 poeta
741 2650 830 2687 alias
860 2650 1048 2694 civitates,
1078 2666 1167 2702 quas
1198 2653 1342 2703 Pelasgi
1369 2652 1581 2693 inhabitasse
1599 2656 1688 2695 dieti

380 2716 474 2753 sunt.
530 2712 689 2761 Dionys.
717 2711 751 2755 I,
786 2724 850 2754 20,
875 2713 944 2765 ‚qui
962 2713 1121 2752 claffieus
1140 2715 1241 2752 locus
1263 2715 1326 2757 est,
1346 2715 1478 2753 multas
1498 2729 1559 2754 eos
1578 2718 1686 2759 urbes

378 2775 514 2825 partim
547 2772 678 2810 Siculis
708 2781 867 2821 ereptaS,
900 2773 1038 2823 partim
1069 2787 1089 2810 a
1125 2774 1159 2812 se
1196 2776 1394 2818 extrussas,
1429 2776 1605 2814 habitasse
1633 2779 1686 2819 ait

377 2832 622 2875 communiter
641 2844 726 2871 cum
741 2830 1025 2883 AboriginibuS,
1054 2845 1099 2871 eo
1112 2832 1150 2872 in
1170 2846 1323 2874 numero
1336 2835 1404 2873 effe
1421 2835 1537 2878 Caere,
1557 2837 1686 2886 Pisum,

1485 2896 1684 2936 Saturniam
