1847 3313
408 258 809 325 AENEIDOS,
861 263 1011 312 ΜΒ.
1060 256 1124 312 x.
1325 263 1409 323 ..ξι

104 390 215 447 Hoc
235 409 392 447 tamen
416 401 580 447 infelix
605 399 818 447 miseram
844 399 1051 445 solabere
1070 406 1302 450 mortem;

105 490 273 538 AEneae
297 491 459 554 magni
482 491 650 537 dextra
667 488 812 535 cadis.
881 487 1097 547 Increpat
1123 483 1248 531 ultro
1326 487 1416 546 830

105 582 379 628 Cunciantis
403 581 565 637 sociOS‚
601 593 646 627 et
671 591 791 625 terra
809 577 1015 624 sublevat
1035 576 1211 639 ipsum,

99 671 336 735 Sanguine
360 682 632 733 turpantem
651 681 835 715 comtos
861 667 920 713 de
946 682 1077 712 more
1101 667 1317 729 capillos.

166 761 349 808 Interea
378 761 565 824 genitor
583 759 800 807 Tiberini
823 758 882 805 ad
907 758 1115 805 fluminis
1140 759 1319 805 undam

105 851 304 899 Volnera
328 849 527 897 siccabat
550 848 776 910 lymphis,
810 846 1073 910 corpusque
1092 849 1275 895 levabat

102 943 298 991 Arboris
319 939 515 987 adclinis
536 950 720 985 trunco.
793 936 963 983 Procul
984 952 1106 983 aerea
1128 939 1269 983 ramis
1325 940 1378 999 83
1389 949 1414 997 ς

103 1036 354 1102 Dependet
370 1034 520 1098 galea,
553 1044 598 1078 et
622 1042 760 1094 prato
781 1030 944 1093 gravia
967 1045 1097 1075 arma
1120 1029 1384 1092 quiescunt.

145 1182 220 1223 831.
248 1185 394 1215 Cunc‘latos
408 1182 592 1215 Hamb.sec.
685 1179 758 1219 832.
780 1179 932 1212 turbantem
951 1180 1079 1212 Zulich.
1123 1188 1278 1223 turpantem
1299 1181 1417 1222 pulvere

100 1237 185 1266 crines
198 1236 304 1267 laudat
315 1235 418 1266 Schul.
432 1236 552 1275 Cruqu.
572 1232 701 1263 Horatii
718 1233 764 1262 lv
781 1231 915 1272 Od.113‚
938 1231 1133 1263 confundens
1159 1239 1310 1263 monente
1336 1233 1418 1262 Bur-

102 1295 222 1318 manno
237 1287 374 1318 alterum
387 1286 492 1317 locum
508 1282 562 1316 lib.
574 1285 649 1321 XII,
672 1282 889 1324 99.—-833.
914 1285 998 1313 undas
1011 1283 1107 1314 etiam
1120 1284 1171 1315 hic
1182 1284 1240 1315 sec,
1257 1285 1414 1316 Rottend.

101 1337 206 1379 Bigot.
300 1337 370 1376 834.
395 1331 512 1366 lavab'at
538 1334 660 1365 Medic.
687 1334 784 1363 Rom.
816 1341 848 1364 et
880 1333 932 1364 alii
961 1334 1045 1366 Pier.
1065 1342 1095 1365 et
1114 1335 1239 1373 Heins.‚
1261 1346 1296 1366 ac
1315 1335 1414 1366 Goth.

101 1395 189 1424 tert„
211 1388 310 1419 etiam
326 1395 404 1419 vett.
425 1387 494 1418 edd.
514 1385 624 1416 multae
643 1395 651 1415 τ
677 1383 771 1425 idque
788 1383 976 1425 praeferebat
991 1384 1105 1418 Cerdo..
1152 1385 1203 1415 Est
1214 1394 1322 1416 tamen
1334 1387 1419 1417 otio-

100 1439 170 1470 sum
186 1440 248 1470 hoc
261 1447 358 1481 corpus
373 1439 508 1475 lavabat3
540 1435 810 1467 accommodatius
825 1435 961 1466 alterum
977 1449 984 1467 :
1008 1436 1120 1467 levabat
1134 1439 1242 1467 acclinis
1255 1449 1265 1468 .·
1303 1437 1347 1467 est
1364 1448 1416 1467 orw

101 1499 175 1522 nate
187 1491 310 1523 difium
323 1502 380 1532 pro
397 1489 580 1521 acclinabat.
628 1483 659 1519 Si
677 1487 774 1519 altera
792 1487 888 1518 leetio
904 1488 1103 1520 defendenda
1116 1489 1170 1527 est,
1192 1490 1277 1531 sequi
1295 1489 1416 1522 neceffe

100 1542 144 1573 est
162 1542 242 1573 Cod.
257 1542 367 1579 Paris„
388 1541 442 1582 qui
459 1539 671 1581 distinguebat
686 1549 694 1569 t
723 1540 848 1569 thnera
864 1540 1008 1580 siccabat:
1047 1541 1164 1582 lymphis
1179 1542 1321 1582 corptffque
1335 1543 1414 1571 leva-

101 1594 134 1623 ha
137 1601 160 1631 t,
181 1600 212 1624 et
229 1604 246 1623 a
262 1603 306 1624 m.
328 1593 384 1624 sec.
402 1594 437 1622 la
435 1593 531 1623 stabat
578 1590 680 1621 Re<9te
697 1597 804 1620 tamen
821 1597 931 1621 monet
947 1591 1058 1622 Burm.
1073 1592 1197 1632 siccabat
1217 1594 1333 1634 lymphis
1350 1602 1416 1623 non

102 1643 164 1675 ‘esse
180 1644 410 1682 divellendum,
433 1643 523 1676 Statii
546 1644 558 1673 1
583 1641 766 1681 Theb.527
784 1641 998 1684 imitationem
1026 1643 1160 1675 docere:
1184 1645 1284 1687 siccati
1298 1647 1417 1675 vulnera

101 1696 234 1737 lympha.
280 1694 400 1726 Saltem
417 1695 490 1725 inde
507 1693 665 1730 discimus,
688 1692 826 1723 Statium
852 1703 916 1723 non
946 1693 1038 1724 aliter
1053 1694 1086 1724 in
1104 1697 1236 1725 Marone
1248 1695 1413 1737 interpun-

101 1746 176 1777 xiffe
193 1756 227 1776 ac
246 1755 311 1776 nos.
389 1744 420 1775 *8
426 1754 442 1784 3
446 1754 478 1783 5.
503 1746 617 1774 acclivis
633 1751 665 1775 et
680 1744 800 1773 acclivus
816 1742 959 1784 plerique
977 1744 1068 1774 codd⁵
1102 1752 1134 1775 et
1165 1752 1244 1775 vett.
1272 1745 1360 1783 edd,
1381 1754 1415 1778 ct

100 1797 229 1828 fuerunt
247 1796 325 1827 adeo
338 1795 399 1826 viri
415 1795 514 1832 dcciii,
535 1794 679 1825 Valesius
695 1800 726 1824 et
743 1792 859 1829 cerda,
881 1794 934 1833 qui
952 1793 1099 1824 vitiosam
1119 1794 1291 1826 leffiionem
1303 1796 1414 1828 defen-

100 1849 222 1880 derent.
245 1848 354 1877 acclinis
380 1845 432 1876 vel
454 1848 567 1876 adclinis
583 1844 743 1880 meliores,
768 1844 865 1874 Rom.
885 1843 1009 1875 Medic.
1039 1852 1069 1875 et
1095 1845 1160 1883 alii,
1181 1857 1254 1877 cum
1282 1848 1414 1888 Serv103

101 1902 158 1933 nifi
174 1901 260 1943 quod
277 1898 415 1931 Mentel.
435 1899 515 1930 alter
531 1909 566 1930 ac
579 1897 730 1929 Scheffer.
749 1905 822 1927 cum
839 1896 943 1937 Regio
959 1906 994 1926 ac
1012 1897 1109 1927 Paris.
1124 1900 1350 1941 adclin11s,qu0d
1363 1913 1413 1932 ar-

98 1952 223 1987 ridebat
254 1951 383 1984 Heinsio
403 1958 436 1982 et
465 1958 630 1993 receptum
653 1960 670 1980 a
689 1947 926 1990 Cuninghamo.
971 1950 1154 1990 Depravate
1183 1953 1300 1982 adnixus
1325 1954 1411 1984 Veni.

98 2006 211 2036 obnixus
225 2001 366 2034 Dorvill.
412 2002 512 2032 Porro
528 2012 605 2032 aenea
617 2001 749 2042 Hngen.
796 1999 831 2030 In
847 1998 910 2029 fine
925 2011 1002 2029 ramo
1018 2000 1116 2033 Rom.
1135 2004 1167 2034 e't
1184 2004 1270 2033 Serv.
1289 2005 1328 2036 ad
1344 2005 1417 2036 Εςι,

100 2059 158 2098 vl,
185 2052 399 2094 16.—-836.
422 2054 500 2084 Dum
511 2055 610 2096 pendet
626 2050 764 2083 Dorvill.
806 2057 833 2082 et
846 2050 930 2083 abest
946 2050 1074 2084 Zulich.

99 2167 277 2213 inferant3
309 2167 351 2216 fi
380 2182 449 2219 qua
479 2169 521 2217 est
550 2181 591 2204 ea
625 2181 721 2208 cura,
786 2177 845 2203 ne.
895 2163 1045 2202 vulnera
1069 2165 1225 2214 siccabat
1253 2163 1410 2215 lymphis,

98 2197 390 2270 fimpliciliimum
425 2219 489 2261 est,
532 2217 578 2254 ad
605 2215 722 2267 ipsum
786 2215 994 2267 sanguinem
1008 2216 1291 2275 fistebatfrigida
1304 2231 1410 2268 aqua.

100 2270 257 2309 Lausum
275 2269 402 2307 caesum
421 2268 518 2308 haee
509 2278 601 2306 mter
618 2277 722 2306 caete-
786 2267 1014 2318 ignoramus,
1041 2281 1084 2304 an
1088 2282 1236 2327 primus
1254 2269 1325 2305 hoc
1346 2281 1410 2306 au-

98 2336 138 2362 ra
156 2322 310 2360 referre:
340 2321 365 2359 fi
386 2321 496 2359 modo
513 2329 552 2358 tu
572 2318 642 2357 hoc
661 2333 723 2357 cu-
786 2319 841 2356 sus
860 2318 901 2356 fit
919 2318 1056 2365 Maro·
1085 2320 1248 2358 imitatus
1262 2321 1310 2358 est
1329 2320 1409 2358 Sta-

99 2372 221 2419 raS,s1
240 2373 375 2411 sensum
395 2373 499 2423 hujus
531 2371 582 2409 rei
600 2371 721 2410 habes.
785 2370 856 2411 tius
875 2370 892 2406 Ι
910 2370 1029 2408 Theb.
1062 2384 1151 2423 5²7·
1206 2371 1305 2409 Nam
1332 2376 1408 2423 τές.

98 2426 178 2464 vid.
211 2424 301 2462 Var.
336 2424 438 2462 Lest.
495 2427 582 2475 832.
610 2433 722 2461 comtos
783 2437 850 2461 σειν
863 2431 900 2459 et
915 2424 1103 2472 ‘rego-ai'mv,
1131 2423 1189 2460 sed
1217 2437 1318 2474 aquae
1340 2436 1408 2461 no·

100 2480 141 2516 de
152 2492 237 2515 more
255 2476 513 2514 Etruscorum:
557 2474 678 2533 quod
676 2487 722 2512 ex
783 2475 882 2512 tione
899 2486 971 2511 non
997 2475 1149 2524 adje&a‚
1170 2475 1246 2523 jam
1266 2474 1408 2514 Home-

100 2528 190 2566 vafis
219 2526 370 2578 aliisque
401 2526 641 2566 monumentis
667 2525 723 2563 in-
784 2539 844 2564 rus
869 2526 915 2562 de
942 2527 1090 2564 vulnere
1108 2527 1262 2564 dixerat.
1317 2527 1406 2578 835.

99 2580 294 2630 telligitur.
786 2584 813 2601 “
835 2575 971 2621 Procul,
1000 2578 1109 2614 modo
1122 2578 1242 2627 juxta,
1271 2586 1310 2614 ut
1325 2577 1406 2617 Ecl.

154 2635 242 2681 833.
271 2630 463 2681 Sequentia
491 2630 539 2668 de
566 2628 721 2667 Mezen-
786 2628 860 2673 VI,
895 2628 955 2674 16,
984 2627 1140 2673 Servius,
1145 2631 1166 2644 ’¹
1194 2641 1268 2666 non
1299 2630 1406 2671 male.

98 2681 153 2722 tio
171 2692 243 2720 tam
272 2682 406 2720 uamin
424 2681 546 2720 tabula
560 2681 722 2719 exhibita
787 2680 915 2718 Eidem
942 2679 1090 2718 videtur
1133 2680 1273 2717 novaffe
1305 2679 1343 2717 h.
1378 2681 1406 2718 1.

96 2735 194 2773 sunt.
308 2734 460 2771 claratur
480 2734 595 2778 locus,
630 2734 722 2784 pofi-
789 2737 898 2783 poeta
915 2731 1056 2771 adclinis
1082 2741 1117 2768 et
1125 2743 1309 2782 propexam
1325 2731 1406 2770 bar.

98 2796 171 2830 tus,
199 2785 294 2823 astio
314 2784 403 2836 ipsa.
455 2784 596 2822 Similis
624 2786 724 2823 locus
786 2784 891 2823 ham.
917 2782 1084 2834 equidem
1115 2794 1286 2821 novatum
1302 2782 1405 2821 dice-

98 2834 207 2876 Iliad.
227 2854 255 2881 ε,
271 2836 347 2888 692
365 2836 464 2888 seqq.
483 2837 530 2875 de
545 2835 726 2888 Sarpedo
785 2848 859 2874 tem
888 2835 1006 2886 primo
1034 2834 1118 2872 loco
1151 2837 1323 2887 quiescunt,
1346 2835 1407 2884 ja-

155 2886 879 2928 T0M.111.H
899 2887 924 2930 h
1308 2896 1405 2934 cent,
