1847 3313
429 273 524 331 384
624 268 676 316 P.
726 265 1101 314 VIRGILII
1172 266 1574 318 MARONIS

424 406 566 454 Nunc
592 402 752 454 s111ite;
790 412 836 446 et
859 399 1091 462 placitum
1116 401 1216 447 laeti
1241 404 1518 464 componite
1555 402 1730 453 foedus.

488 494 709 558 juppiter
724 491 826 536 haec
844 488 1034 551 paucis:
1069 501 1117 535 at
1134 505 1228 536 non
1248 490 1402 538 Venus
1420 508 1555 538 aurea
1568 505 1732 540 contra

423 590 577 637 Pauca
599 582 753 630 refert.

421 681 468 728 O
494 679 643 730 Pater,
666 690 696 719 o
717 672 966 719 hominum
991 672 1249 734 divomque
1272 681 1446 718 aeterna
1467 672 1696 734 potestas!

425 770 668 832 (Namque
683 763 812 809 aliud
829 764 945 825 quid
966 762 1036 818 fit,
1053 761 1181 830 quod
1197 759 1301 825 jam
1324 761 1562 823 inplorare
1587 778 1733 824 quea-

618 875 721 905 mus
740 858 779 916 ?)
1506 856 1509 859 ’

425 950 591 998 Cernis
617 962 669 996 ut
693 947 914 995 insultent
938 946 1128 1001 Rutuli;
1166 944 1447 1009 Turnusque
1473 945 1649 993 feratur
1670 960 1733 994 20

422 1044 512 1093 Per
531 1042 708 1089 medios
734 1040 924 1102 infignis
949 1040 1094 1101 equis,
1119 1037 1421 1099 tumidusque
1446 1036 1650 1084 secundo

421 1135 583 1182 Marte
606 1130 743 1179 ruat?
779 1129 889 1174 Non
913 1128 1066 1174 clausa
1085 1127 1249 1191 tegunt
1273 1125 1376 1189 jam
1395 1127 1576 1172 moenia
1601 1125 1732 1174 Teu..

616 1238 718 1269 Cl'OS
734 1243 747 1274 3

420 1319 555 1384 Qin
585 1317 704 1362 intra
728 1324 886 1375 portas
910 1323 1048 1373 atque
1066 1307 1175 1372 ipfis
1197 1308 1368 1370 proelia
1392 1308 1590 1354 miscent

421 1406 693 1472 Aggeribus
718 1417 1003 1453 moerorum3
1029 1412 1073 1445 et
1089 1398 1320 1444 inundant
1339 1397 1563 1461 sanguIne
1585 1395 1749 1445 foffae.-

467 1551 518 1581 15.
539 1541 676 1585 placitum
698 1535 809 1568 Heius.
835 1534 923 1564 reste
946 1540 1056 1564 tuetur
1082 1543 1098 1562 e
1127 1533 1208 1564 Pier.
1238 1540 1270 1563 et
1297 1540 1386 1574 parte
1410 1533 1537 1564 suorum
1554 1543 1590 1564 ac
1606 1531 1730 1564 servio.

422 1594 489 1626 Alii
515 1592 670 1637 placidum,
694 1588 791 1619 etiam
817 1584 940 1615 Medic.
971 1584 1032 1614 laeti
1057 1583 1212 1624 placidum.
1259 1584 1327 1614 Nec
1355 1591 1463 1614 tamen
1488 1585 1626 1626 placitum
1657 1592 1732 1614 cum

421 1646 532 1677 Servio
546 1640 776 1684 accipiendum,
797 1635 890 1674 mihi,
913 1634 1011 1677 Jovi:
1036 1634 1088 1664 sed
1107 1634 1218 1675 placita
1245 1634 1317 1664 sunt
1343 1635 1451 1664 omnia
1478 1634 1581 1675 paeta,
1609 1634 1641 1665 in
1658 1643 1730 1675 quae

420 1696 642 1729 consenserunt
668 1692 785 1734 plures,
805 1688 839 1720 h.
869 1687 955 1729 quod
984 1686 1023 1716 iis
1053 1684 1181 1726 placuit.
1276 1684 1323 1715 16.
1349 1681 1437 1716 anxiiz
1469 1685 1552 1727 conj.
1584 1682 1732 1716 Waddel.

421 1744 654 1780 Animadverss.
691 1742 760 1772 crit.
789 1751 824 1781 p.
860 1748 912 1778 33,
942 1734 1266 1779 perperani.-——--18.
1291 1747 1305 1765 o
1332 1747 1385 1778 que
1412 1737 1548 1766 hominum
1574 1734 1732 1772 Parrhafi,

421 1812 519 1844 quam
550 1796 771 1840 Apronianam
794 1791 854 1823 esse
881 1790 1053 1821 lectionem
1079 1787 1143 1829 Jul.
1171 1787 1242 1819 Sab.
1273 1788 1381 1819 tradit.
1424 1790 1560 1819 hominum
1585 1799 1734 1831 rerumque

421 1851 654 1896 praestantiores
670 1845 768 1877 Pierii
785 1851 816 1874 et
831 1841 954 1873 Heinfii
972 1841 1065 1871 codd.
1080 1850 1192 1870 omnes
1215 1840 1347 1879 (omnium
1364 1852 1510 1882 rerumque
1534 1839 1644 1881 Rom.)
1658 1850 1732 1870 cum

420 1904 530 1936 Valer.
550 1900 674 1936 Probo3
698 1898 791 1937 idque
808 1892 1002 1934 sequendum
1026 1890 1086 1921 effe
1116 1890 1160 1920 ait
1184 1889 1344 1926 Heinsius,
1371 1900 1428 1920 nec
1455 1897 1563 1920 tamen
1589 1890 1730 1932 recepit3

419 1963 500 1998 puto
516 1952 597 1983 casu.
642 1945 783 1981 Variaffe
801 1945 928 1975 videtur
952 1944 1050 1984 poeta
1066 1941 1192 1971 versum
1210 1951 1228 1971 2
1244 1940 1337 1981 hujus
1352 1939 1436 1970 libri.
1483 1941 1644 1972 Caeterum
1661 1940 1729 1983 Jul,

421 2006 555 2038 Sabinus
570 2000 692 2042 subjicit
707 2010 716 2030 ι
740 1999 827 2030 ‘Totus
843 1996 888 2037 iste
910 1995 982 2026 locus
999 1994 1034 2036 ςβ
1050 2004 1084 2023 ex
1107 1994 1198 2034 primo
1220 1992 1338 2028 Lucilii,
1358 1992 1439 2034 apud
1452 2004 1532 2034 quem
1548 1994 1734 2024 introducitur

419 2056 560 2089 concilium
590 2053 701 2082 deorum
733 2048 767 2079 de
797 2049 910 2077 interitu
941 2046 1021 2086 Lupi
1061 2042 1118 2084 (est
1150 2041 1176 2072 is
1205 2049 1300 2072 notus
1333 2052 1371 2072 ex
1405 2042 1520 2072 Horat.
1544 2043 1581 2072 11.
1605 2044 1670 2076 Sat.
1699 2051 1732 2081 Ι,

419 2107 475 2144 68,
500 2113 531 2136 et
562 2103 626 2134 Cic.
656 2100 694 2131 de
722 2099 765 2129 N.
789 2098 830 2128 D.
862 2105 892 2134 Ι,
917 2105 970 2133 23,
992 2101 1024 2125 et
1047 2101 1152 2124 totum
1169 2092 1275 2122 Sabini
1291 2091 1439 2123 Scholion
1454 2091 1612 2125 illustrant
1633 2095 1733 2135 Frag-

420 2166 529 2191 menta
551 2152 668 2186 Lucilii
691 2163 722 2194 p.
740 2149 814 2181 260.
841 2149 915 2180 261.
945 2146 984 2177 cf.
1009 2148 1098 2176 Serv.
1118 2144 1175 2176 inf.
1202 2145 1242 2175 ad
1257 2155 1289 2176 v.
1312 2144 1541 2185 104).——19.
1558 2144 1623 2185 jam
1645 2145 1731 2177 deest

761 2210 811 2232 20.
837 2199 970 2242 insultant
990 2205 1125 2239 quatuor
1141 2206 1191 2236 ap.
1218 2196 1344 2232 Burm.,
1368 2194 1423 2235 qui
1437 2195 1576 2226 remittit
1603 2196 1644 2226 ad
1660 2195 1730 2228 Ecl.

419 2218 497 2244 tert.
515 2204 669 2238 Rottend.

420 2264 464 2299 Πὶ
484 2259 679 2290 66.-—---22·
704 2252 825 2294 claustra
842 2248 962 2279 Medic.
1055 2256 1107 2284 24.
1131 2259 1278 2277 moerorum
1294 2256 1366 2287 pars
1389 2245 1545 2276 librorum
1560 2257 1633 2278 cum
1655 2249 1731 2278 Pro-

419 2311 462 2345 bo
480 2318 512 2343 et
528 2307 637 2340 Servio
653 2305 705 2336 hic
730 2311 761 2335 et
778 2300 861 2332 infra
885 2301 944 2336 XI,
971 2298 1047 2339 382,
1069 2298 1125 2330 ubi
1152 2298 1239 2329 idem
1264 2297 1330 2329 fere
1354 2296 1461 2328 versus
1474 2297 1578 2336 redit3
1601 2299 1732 2341 antiqua

1656 2361 1733 2393 pro-

477 2456 521 2495 16
549 2455 625 2505 sqq.
655 2450 814 2489 Artificii
841 2450 943 2500 plena
960 2460 1039 2487 ora·
1103 2445 1294 2496 religione,
1338 2455 1425 2481 auro
1465 2452 1605 2480 ornata.
1669 2453 1730 2494 po-

422 2509 474 2548 tio
501 2507 676 2545 Veneris:
707 2513 745 2541 ut
764 2502 874 2539 faciat
894 2500 1037 2537 misera-
1102 2501 1195 2548 testas
1225 2498 1273 2534 est
1298 2508 1364 2547 pro
1392 2503 1543 2546 potens:
1574 2493 1729 2532 abstrac-

419 2563 555 2598 tionem
581 2571 646 2608 pro
672 2554 844 2604 Trojanis
861 2564 896 2589 et
914 2551 1037 2603 indig-
1104 2562 1180 2587 tum
1198 2562 1263 2600 pro
1280 2556 1464 2585 concreto,
1523 2560 1583 2597 19.
1613 2547 1727 2584 Nam..

420 2612 603 2650 nationem
641 2606 805 2644 adversus
844 2605 1037 2654 Junonem.
1103 2617 1176 2653 que.
1235 2600 1338 2637 Solus
1379 2598 1477 2635 enim
1519 2608 1559 2634 tu
1605 2598 1724 2643 restas,

423 2666 530 2702 Venus
577 2675 697 2703 aurea,
746 2657 923 2694 notiffima
967 2666 1036 2699 res,
1101 2665 1207 2702 quern
1240 2650 1433 2701 implorare
1463 2650 1602 2699 possim,
1639 2662 1724 2687 cum

418 2721 533 2766 χξυσῆ
565 2712 742 2762 Ἀφςοδίτη
767 2722 813 2747 ex
841 2708 1029 2744 Homero:
1101 2704 1175 2742 fere
1191 2715 1312 2741 omnes
1328 2700 1382 2738 dii
1403 2701 1441 2738 in
1469 2700 1628 2739 favorem
1655 2700 1725 2750 Ju-

418 2766 626 2818 Exponitur
684 2763 812 2812 vulgo,
873 2758 1036 2809 pulchra.
1102 2755 1205 2793 nonis
1250 2751 1509 2792 concesserint:
1566 2760 1607 2789 ut
1651 2752 1725 2790 fere

414 2817 560 2868 ‘Verum
599 2816 662 2861 est,
705 2826 751 2852 ex
798 2808 1037 2863 antiquissima
1102 2807 1201 2848 Serv.
1256 2820 1316 2858 24·
1344 2803 1522 2858 aggeribus
1549 2817 1724 2843 metrorum

1358 2880 1360 2883 ’
1683 2866 1729 2895 κ
