1847 3313
332 280 363 331 6
721 286 1226 336 PRAEFATIO

335 438 529 469 monem
555 434 634 467 aut
659 421 905 467 trmsferre
943 421 1027 467 ista
1061 432 1141 467 aut
1164 420 1341 467 imitari
1363 430 1409 465 et
1432 418 1650 466 aemulari

337 508 459 552 rcere
483 506 648 567 potest.
720 505 849 551 Tum
874 504 1152 550 brevitatem
1173 502 1464 565 propositam
1489 502 1652 557 habui,

339 604 571 654 quantum
596 589 747 636 licuit.
819 589 902 635 Nil
923 591 1060 634 moliri
1083 591 1237 650 inepte,
1272 603 1364 632 non
1386 587 1543 633 minus
1566 586 1651 631 de-

340 674 420 719 bet
447 673 649 718 infixum
674 672 760 717 effe
799 671 1066 733 interpretis
1087 671 1262 724 animo,
1298 684 1444 731 quam
1477 667 1652 730 poetae.

342 756 569 819 Inprimis
593 768 751 802 autem
792 755 908 801 illud
933 771 1126 801 aureum
1152 753 1293 800 Plinii
1334 753 1517 799 dietum
1553 766 1657 796 me·-

344 837 495 884 moria
531 837 746 882 excidere
785 851 879 882 non
920 825 1079 896 pass'us>
1098 834 1216 889 sum,
1249 833 1378 895 quod
1403 833 1449 879 in
1474 833 1655 877 bonum

344 920 651 981 interpretem
685 935 775 965 non
800 920 972 973 minim,
1007 932 1150 978 quarn
1176 915 1225 961 in
1249 916 1405 960 virum
1432 928 1659 958 verecun-

344 1001 463 1047 dum
502 1001 652 1047 cadit:
702 1011 749 1047 ut
773 1001 882 1046 mlh-il
901 1001 959 1045 ad
979 1000 1295 1059 qshntam'cJJzenz,
1329 997 1464 1041 onmia
1487 995 1546 1040 ad
1565 1011 1662 1040 con-

333 1082 571 1143 sricnll'm,
606 1082 836 1141 raserrcnm
888 1080 977 1124 hoc
1018 1078 1099 1134 est,
1139 1089 1192 1123 ut
1228 1092 1321 1122 non
1363 1075 1482 1121 mihi
1527 1088 1661 1122 notas

346 1167 673 1228 appingerem,
733 1165 811 1212 sed
854 1163 1047 1227 legenti.
1139 1160 1240 1207 Etfi
1288 1159 1536 1205 fatendum
1580 1158 1661 1216 est,

350 1248 429 1293 vix
455 1248 605 1294 ullum
629 1248 755 1294 aliud
796 1247 1002 1294 studium
1040 1258 1139 1291 tam
1185 1260 1355 1306 parum
1385 1242 1443 1288 ad
1478 1253 1661 1287 certum

349 1331 601 1378 confilium
636 1350 689 1379 ac
729 1334 875 1380 finem
915 1329 1219 1394 attemperari
1259 1346 1285 1375 a
1315 1327 1564 1390 plerisque,
1617 1337 1663 1372 et

347 1428 542 1474 operam
566 1416 855 1462 edendorum
880 1413 1356 1473 illustrandorumque
1378 1410 1662 1472 scriptorum

350 1493 631 1557 plerumque
645 1496 760 1542 adeo
783 1497 1012 1543 incertam
1038 1508 1084 1540 et
1107 1493 1230 1539 male
1250 1491 1667 1552 circumscriptam

355 1579 532 1640 vagari,
567 1592 633 1635 ut,
669 1581 785 1642 quid
829 1581 913 1626 fibi
951 1578 1259 1642 sequendum,
1293 1576 1409 1638 quid
1446 1575 1669 1621 omitten-

291 1719 295 1723 .
354 1660 474 1707 dum
496 1661 619 1718 effet,
654 1663 878 1708 omnibus
919 1663 1022 1708 aliis
1059 1660 1210 1722 magis
1232 1655 1668 1721 constitiffevideas

353 1761 499 1808 quam
523 1747 799 1793 editoribus.
871 1746 1049 1792 Verum
1075 1744 1217 1807 digna
1241 1760 1310 1789 res
1336 1742 1414 1798 est,
1440 1757 1550 1804 quae
1574 1741 1669 1786 alio

357 1827 467 1874 loco
501 1830 775 1883 accuratius,
833 1829 953 1875 sorte
992 1829 1135 1874 etiam
1165 1825 1495 1889 opportuniUS‚
1541 1840 1568 1870 a
1591 1839 1671 1870 me

359 1922 644 1971 exponatur3
681 1928 806 1958 nunc
829 1912 888 1959 ad
913 1911 1002 1958 alia
1022 1908 1379 1972 procedendum
1403 1907 1483 1954 est.

427 1991 598 2039 Monuj
625 1991 746 2038 forte
768 1993 1009 2039 interdurn
1034 1990 1275 2046 nonnulla,
1309 2004 1417 2051 quae
1453 2000 1558 2034 ante
1592 2003 1672 2035 me

362 2073 423 2119 ab
444 2073 563 2131 aliis,
597 2075 740 2120 etiam
759 2092 843 2138 per
865 2076 949 2121 hos
971 2090 1130 2130 annos,
1163 2089 1281 2135 quos
1303 2072 1351 2118 in
1372 2071 1575 2134 Virgilio
1599 2070 1675 2116 in-

365 2158 666 2220 terpretando
689 2176 773 2221 per
797 2159 1039 2205 intervalla
1062 2156 1311 2213 eonsumfi,
1338 2154 1441 2219 jam
1464 2170 1674 2216 occupa-

365 2249 415 2283 ta
439 2237 591 2292 fuere;
626 2240 762 2286 omifi
803 2241 922 2288 forte
957 2242 1062 2296 alia,
1096 2256 1205 2303 quae
1245 2240 1304 2285 ab
1344 2237 1447 2284 aliis
1484 2235 1675 2299 egregie

364 2322 592 2370 illustrata
627 2324 747 2371 sunt.
819 2327 922 2374 Nec
969 2326 1152 2381 dubito,
1208 2323 1359 2371 multa
1399 2330 1678 2369 ornamenta

367 2421 491 2451 meae
513 2422 672 2467 operae
693 2406 802 2453 inde
825 2407 1046 2454 accedere
1064 2407 1280 2470 potuisse,
1315 2405 1348 2451 fi
1374 2405 1525 2450 varios
1548 2403 1679 2448 viro-

367 2501 476 2532 rum
501 2487 750 2534 doe'corum
774 2488 929 2535 critici
953 2489 1221 2552 argumenti
1257 2487 1441 2533 libellos
1465 2485 1682 2531 evolvere

371 2581 425 2612 ac
459 2582 734 2629 comparare
769 2570 1037 2630 potuiffem.
1122 2570 1211 2617 Sed
1257 2568 1489 2622 animum,
1540 2565 1681 2611 variis

372 2651 498 2697 curis
528 2650 632 2715 jam
660 2651 722 2699 fic
762 2653 867 2700 satis
906 2655 1188 2710 distrie'cum,
1237 2667 1362 2699 novo
1400 2663 1445 2697 et
1483 2648 1682 2699 molesto

374 2730 529 2777 studio
566 2748 756 2779 onerare
797 2750 850 2779 ac
887 2733 1154 2797 deprimere
1196 2749 1366 2796 parum
1411 2729 1681 2777 consultum

375 2826 502 2869 erat3
557 2825 663 2860 tum
696 2829 808 2862 vero
829 2813 935 2879 jam
969 2828 1078 2862 ante
1117 2814 1342 2878 profeffus
1371 2812 1495 2876 sum,
1539 2811 1684 2873 idque

1516 2906 1687 2941 etlam-2
