1847 3313
407 291 524 339 AD
581 292 956 343 LIBRUM
1011 294 1124 345 vn.
1329 317 1418 366 145

168 415 288 460 Pravo
318 421 389 460 hoc
421 425 564 463 Graecae
598 425 773 464 doetrinae
805 427 918 467 studio
953 428 1168 468 dottiffimos
1197 445 1243 469 ex
1278 431 1418 472 Roma-

112 478 169 519 nis
210 482 234 518 fi
271 483 351 533 quis
389 484 548 522 imbutos
586 485 687 523 fuiffe
723 484 892 531 audierit,
933 501 1005 527 non
1033 490 1189 542 amplius
1224 491 1419 531 mirabitur

114 541 284 580 Etruscos
327 556 348 580 a
378 544 602 592 Tyrrhenis,
649 546 803 583 Sabinos
841 561 862 584 a
899 543 1020 586 Laced
1055 549 1203 594 moniis,
1239 551 1415 591 declinam

109 595 231 646 ferri;
260 603 383 640 Tibur
415 605 481 641 esse
521 605 747 655 Argivorum
777 607 960 645 coloniam
992 609 1106 657 (VII,
1130 610 1252 661 672);
1297 612 1416 650 Hale-

109 657 204 702 sum,
235 661 522 712 Agamemnonis
544 664 670 708 filiurn,
687 665 879 704 Auruncos
899 680 918 703 e
936 667 1139 718 Campania
1151 669 1285 707 ducere
1306 670 1414 717 (ibid.

109 732 183 769 723
207 720 296 771 sq.);
327 722 491 760 Ariciam
511 723 640 760 Dianae
657 724 829 762 amafium
847 725 1093 777 Hippolytum
1114 729 1290 779 excepisse
1316 731 1406 781 (761

108 779 182 828 sq.)
241 780 444 832 Comparet
465 782 593 832 a'iquis
620 784 742 821 Fastos
764 784 895 822 Ovidii
917 799 949 823 ν.
982 799 1016 823 c.
1043 786 1117 830 IV,
1149 788 1195 838 63
1219 788 1292 839 sqq.
1311 800 1348 827 et
1366 790 1413 828 ad

104 838 291 878 sacrorum
312 840 446 879 rituum
467 843 708 894 festorumque
724 846 858 883 caussas
875 845 1034 897 origines
1051 847 1100 884 ibi
1122 849 1272 886 traditas
1295 861 1414 888 atten-

105 898 184 944 dat,
213 912 276 939 aut
292 901 338 938 ad
358 902 582 953 Qaestiones
604 905 790 942 Romanas
826 905 1023 944 Plutarchi.
1076 907 1272 946 Innumera
1303 910 1412 960 hujus

103 960 251 1010 'generis
270 963 347 999 sunt
367 962 439 998 alia
458 963 556 1012 apud
576 963 761 1008 Servium,
791 964 971 1004 Plutarch.
992 968 1155 1012 Romul„
1173 968 1300 1018 Justin.
1323 971 1412 1015 XX,

111 1030 125 1057 1
149 1034 222 1070 pr„
250 1021 413 1058 solinum
429 1034 463 1058 c.
482 1023 502 1058 8
523 1034 558 1060 et
577 1024 674 1074 apud
695 1024 983 1064 Grammaticos.
1040 1028 1100 1065 De
1131 1028 1291 1068 inst³tut0
1323 1032 1410 1070 talia

103 1081 310 1132 persequuti
341 1083 411 1118 ess'e
430 1082 599 1121 videntur
635 1085 845 1123 Alexander
865 1087 1069 1137 Polyhistor
1087 1098 1124 1126 et
1143 1089 1305 1128 Avianus
1340 1092 1410 1129 ali-

103 1139 200 1190 ·quis,
229 1141 291 1192 qui
305 1137 436 1179 iambis
457 1152 573 1181 totum
589 1143 740 1182 Livium
771 1145 921 1196 scripsit,
951 1157 989 1184 ut
1016 1148 1163 1186 Servius
1191 1149 1242 1186 ait
1271 1149 1317 1187 ad
1341 1151 1409 1191 lib.

104 1191 158 1243 X,
177 1204 263 1251 388,
280 1201 367 1238 item
383 1200 556 1255 Hyginus
575 1205 615 1240 de
634 1203 764 1242 urbium
785 1205 987 1244 Italicarum
998 1212 1140 1258 origine.
1179 1208 1215 1246 Si
1232 1209 1326 1247 forte
1340 1210 1411 1249 rni-

101 1260 207 1303 ieris,
236 1256 421 1312 quomodo
436 1261 492 1298 his
511 1261 657 1300 somniis
674 1273 814 1302 tantum
835 1265 995 1303 tribuere
1010 1267 1172 1318 potuerit
1194 1269 1410 1320 antiquitas,

99 1321 366 1358 recordandum
382 1322 430 1359 est
444 1322 564 1360 fimilis
581 1323 766 1367 vanitatis,
795 1339 868 1375 qua
886 1325 958 1362 viri
974 1327 1072 1365 dotti
1097 1328 1282 1378 superiore
1302 1339 1409 1369 aetate

98 1393 246 1420 omnem
267 1394 430 1421 veterem
449 1383 595 1423 Italiam
611 1399 657 1424 ex
676 1387 872 1426 Hebraicis
898 1389 1047 1428 Lexicis
1069 1389 1273 1442 (Phoenicia
1294 1393 1409 1432 verba

98 1437 135 1480 se
155 1454 278 1480 tenere
295 1441 514 1493 putabant),
542 1446 731 1495 repetiere.

150 1503 207 1541 Ita
226 1504 371 1542 tandem
392 1504 527 1542 factum
546 1506 607 1550 est,
637 1516 674 1543 ut
694 1507 804 1557 pauci
819 1508 947 1547 Latini
965 1509 1082 1559 mythi
1102 1511 1287 1562 propriam
1305 1512 1405 1551 suam

98 1575 266 1602 naturam
288 1563 502 1602 retinerent.
556 1564 614 1602 Ita
633 1567 789 1605 Saturno
809 1581 851 1605 ea
871 1569 1092 1613 tribuerunt,
1120 1585 1197 1620 quae
1213 1573 1338 1610 Graeei
1357 1574 1404 1612 de

97 1622 202 1676 Κςόνῳ
227 1626 288 1663 suo
303 1625 514 1668 narrabant,
543 1625 654 1663 etiam
673 1640 819 1664 auream
833 1638 977 1667 aetatem
995 1632 1048 1678 (V.
1065 1644 1099 1667 c.
1118 1631 1204 1668 AEn.
1225 1632 1296 1673 VI,
1326 1646 1398 1684 793

95 1686 242 1737 ιε’-795)
267 1696 304 1723 et
324 1685 428 1736 Jovis
444 1684 560 1735 impia
571 1686 731 1724 consilia.
787 1688 948 1733 Faunos,
976 1690 1041 1741 qui
1060 1690 1173 1729 Latio
1188 1701 1225 1728 et
1245 1692 1403 1730 Etruriae

93 1745 238 1796 proprii
272 1745 364 1787 sunt,
402 1756 485 1782 cum
516 1744 690 1789 Panibus,
735 1745 892 1796 Satyris,
933 1759 970 1786 et
1001 1748 1133 1787 Silenis
1165 1750 1402 1794 miscuerunt,

92 1806 262 1855 adjunfto
279 1807 391 1843 etiam
411 1805 581 1851 Bacch03
613 1807 795 1845 Camenas
816 1808 1013 1861 Nymphas
1030 1824 1112 1849 cum
1134 1811 1248 1848 Musis
1266 1827 1273 1849 :
1303 1813 1400 1851 etsie

91 1878 214 1915 porro.
267 1865 519 1903 Leucotheam
539 1865 705 1904 fecerunt
718 1879 764 1904 ex
784 1868 966 1912 Albunea,
983 1870 1222 1908 Portumnum
1242 1885 1288 1909 ex
1309 1874 1400 1910 Me-

89 1917 234 1969 licerta,
262 1925 325 1976 qui
347 1925 562 1965 Phoenicum
584 1925 710 1977 utique
730 1927 1029 1978 navigationibus
1050 1929 1096 1967 ad
1124 1929 1277 1969 Graecos
1310 1946 1399 1983 per-

91 1996 242 2024 venerat
269 1986 363 2023 forte
382 1985 411 2022 is
421 1984 498 2034 jam
514 1997 536 2021 a
551 1984 697 2023 Cadmo
712 1986 832 2024 illatus
852 1998 889 2025 et
917 1987 1129 2027 Palaemonis
1162 1991 1308 2029 nomine
1338 1992 1398 2030 in-

89 2039 253 2099 signitus.
309 2048 382 2085 Res
401 2046 548 2084 tandem
569 2059 614 2084 eo
637 2047 806 2091 adducta,
834 2061 870 2086 ut
894 2052 1020 2100 pfffimi
1031 2051 1235 2099 fabularum
1249 2055 1397 2102 sparum

88 2113 283 2161 interpretes
300 2112 394 2159 effimt
413 2109 568 2146 Romani.
623 2110 706 2146 Nec
723 2111 919 2161 quicquam
939 2112 1006 2149 fuir
1025 2112 1129 2150 Italis
1148 2113 1240 2151 adeo
1252 2114 1393 2153 domes-

87 2169 200 2206 ticum
219 2182 262 2206 ac
282 2167 488 2218 proprium,
516 2167 607 2219 quin
630 2181 651 2205 a
668 2169 811 2207 Graecis
828 2180 1051 2220 repeterent.
1107 2171 1228 2224 Ipsum
1257 2175 1394 2223 Jauum

86 2241 135 2265 ex
151 2228 358 2267 Perrhaebia
376 2228 568 2266 Theffaliae
583 2228 645 2279 qui
664 2229 902 2273 adducerent,
930 2230 1031 2269 fuiffe
1052 2231 1163 2270 video
1187 2234 1282 2282 apud
1305 2235 1392 2272 Plu-

86 2290 254 2328 tarchum
271 2291 345 2340 Q.
366 2289 476 2326 Rom»
496 2302 535 2339 p.
553 2289 628 2340 269
646 2289 695 2332 A,
723 2288 829 2334 alios,
858 2291 922 2342 qui
941 2305 987 2329 ex
1016 2291 1167 2338 Creusa,
1195 2292 1395 2331 Erechthei

86 2352 314 2388 Athenarum
330 2348 429 2400 regis
445 2349 530 2392 filia,
559 2360 700 2393 natum,
716 2351 812 2401 apud
831 2351 973 2390 vietor.
995 2351 1044 2390 O.
1066 2353 1119 2390 G.
1140 2353 1188 2390 R.
1203 2365 1237 2390 2.
1262 2353 1389 2405 Qid?

83 2411 181 2462 'quod
196 2410 402 2461 janiculum
423 2409 469 2446 ab
485 2410 586 2452 lone,
619 2410 764 2448 Creusae
782 2411 871 2454 filio,
897 2426 942 2449 ex
959 2411 1148 2464 Euripidis
1166 2413 1289 2451 fabula
1302 2424 1392 2452 noto

82 2472 185 2510 fuere
197 2471 258 2523 qui
273 2470 459 2510 conditum
476 2470 659 2508 traderent
674 2483 733 2522 ap.
756 2471 883 2510 Aurel.
901 2473 1001 2511 Viet.
1018 2474 1066 2510 O.
1082 2474 1133 2511 G.
1145 2474 1193 2511 R.
1209 2487 1244 2511 z.
1266 2475 1388 2518 Maia,

82 2544 177 2582 quae,
206 2542 246 2569 ut
263 2532 368 2581 supra
386 2530 558 2573 vidimus,
587 2540 701 2567 mater
718 2530 838 2568 Terra
853 2543 946 2573 erat,
975 2531 1020 2568 ad
1041 2532 1188 2582 Majam
1206 2535 1392 2573 Mercurii

82 2599 238 2629 matrem
258 2599 430 2628 revocata
445 2592 506 2627 est.
562 2589 754 2631 Nerienes,
782 2591 908 2628 Virtus
925 2592 982 2629 vel
999 2592 1027 2629 F
1032 2592 1193 2630 ortitudt·
1211 2594 1305 2631 inter
1321 2607 1390 2632 oa-

82 2649 201 2694 binos,
227 2651 264 2688 in
283 2650 482 2688 Nereidem
503 2650 551 2687 est
569 2649 785 2700 depravata.
842 2649 942 2688 Gen.
959 2652 1057 2689 conf.
1079 2651 1189 2696 XIII,
1218 2666 1284 2691 22.

134 2710 303 2749 Tandem
332 2721 454 2762 quarto
484 2711 567 2749 loco
597 2710 732 2761 ineptis
768 2719 805 2747 et
833 2710 958 2761 pravis
983 2713 1218 2763 etvmologiis
1236 2712 1387 2752 turbatae

79 2770 161 2808 sunt
175 2771 326 2808 historiae
340 2771 495 2821 antiquae
513 2759 630 2807 Isaliae
647 2770 724 2820 plus
740 2781 850 2818 quam
866 2768 967 2807 credi
981 2771 1109 2820 potest.
1137 2770 1223 2808 Hoc
1237 2772 1389 2822 quidem

81 2832 232 2869 studium
254 2843 397 2870 veteres
417 2845 472 2869 res
488 2845 530 2869 ac
550 2832 638 2869 ritus
659 2844 705 2869 ex
723 2831 912 2869 nominum
940 2831 1086 2882 origine
1104 2832 1390 2883 interpretandi,

80 2890 267 2943 ipsamque
299 2893 393 2929 adeo
428 2889 627 2930 verborum
659 2889 844 2940 originem
881 2891 1146 2942 investigandi,
1184 2893 1265 2943 jam
1298 2896 1397 2933 inter

132 2955 252 2993 TOM.
285 2955 358 2992 HI.
772 2949 810 2990 K
1240 2956 1397 2998 Graecog
