1847 3313
376 241 790 310 AENEIDOS,
856 251 1011 301 ΜΒ.
1059 251 1149 301 XI.
1316 267 1408 318 529

105 379 154 431 Si
177 383 273 438 duo
297 395 520 447 praeterea
544 386 655 433 tales
680 387 809 433 Idaea
834 387 1007 435 tuliffet
1314 391 1402 449 285

104 474 250 520 Terra
269 474 409 532 virm,
434 475 555 522 ultro
582 475 792 522 Inachias
815 477 1007 524 veniffct
1030 477 1088 524 ad
1105 478 1244 526 urbes

102 562 362 620 Dardanus,
397 576 443 610 et
467 565 796 628 verfislugeret
812 564 998 614 Graecia
1022 567 1144 614 fatis.

100 648 349 720 Qidquid
373 656 498 719 apud
521 657 652 704 durae
683 657 904 705 ceffatum
929 658 993 704 est
1017 660 1197 706 moenia
1222 660 1401 726 Trojae,

99 748 319 795 Hefioris
338 747 596 810 AEneaeque
619 762 760 793 manu
780 746 975 793 vidoria
999 747 1203 796 Graium

96 832 267 890 Haefit‚
291 847 337 881 et
352 834 399 880 in
416 833 674 880 decumum
689 834 882 897 vestigia
896 836 1266 885 retulitannum.
1306 852 1401 902 290

95 924 261 970 Ambo
278 923 463 979 animis,
485 923 630 969 ambo
645 922 850 986 insignes
867 926 1200 987 praestantibus
1225 930 1366 976 armis
1384 947 1399 977 z

96 1009 197 1062 Hic
221 1015 398 1078 pietate
419 1013 566 1077 prior.
636 1013 816 1061 Co'e‘ant
834 1015 882 1061 in
907 1016 1086 1064 foedera
1105 1017 1301 1076 dextrae,

93 1109 203 1174 Qa
227 1111 387 1156 datur:
423 1107 504 1164 ast,
527 1107 668 1154 armis
688 1121 970 1156 concurrant
995 1127 1140 1173 arma,
1164 1123 1344 1161 cavete.

91 1201 157 1249 Et
173 1195 387 1265 responsa
411 1201 549 1249 fimul
568 1219 677 1266 quae
695 1203 798 1261 finr,
831 1221 913 1253 rex
935 1219 1151 1270 optume,
1174 1208 1296 1271 regis

134 1358 208 1391 286.
233 1359 376 1390 Achaicus
399 1359 605 1401 Menag.sec.
639 1359 680 1391 ad
691 1360 804 1391 umbras
821 1359 963 1392 Parthas.
1053 1361 1128 1401 287.
1153 1363 1261 1405 lugeret
1276 1364 1396 1395 Graecia

89 1413 192 1454 campis
215 1410 273 1441 sec.
297 1411 450 1441 Rottend.
541 1410 614 1443 288.
636 1420 772 1442 certatum
788 1412 822 1453 2st
846 1412 1051 1454 Apronianus
1072 1415 1256 1444 emendarat
1272 1413 1303 1444 in
1323 1416 1395 1444 Me-

90 1461 191 1498 diceo,
205 1470 383 1502 perperam.
427 1462 554 1504 cqfflztum
570 1462 617 1504 ςβ,
637 1462 741 1503 inquit
759 1462 885 1501 Heins„
907 1463 1027 1505 optime
1048 1465 1196 1506 exprimit
1208 1465 1393 1495 tarditatem

89 1512 174 1546 belli.
230 1512 329 1552 Apud
357 1513 507 1542 Senecam
530 1520 654 1554 patrem
686 1513 810 1546 Suasor.
845 1516 890 1552 11,
917 1526 948 1556 p.
973 1524 1012 1554 23
1037 1527 1110 1546 cum
1141 1515 1286 1547 laudatus
1315 1516 1392 1547 effet

90 1563 215 1596 Abroni
231 1562 345 1593 Silonis
360 1562 486 1594 versus:
511 1563 576 1594 belli
593 1575 668 1595 mora
683 1565 797 1595 concidit
812 1567 917 1596 Heffor
932 1577 940 1603 3
962 1565 1171 1607 subjiciuntur
1184 1567 1251 1597 haec
1267 1577 1275 1597 t
1301 1576 1393 1598 notate

87 1623 154 1657 prae
184 1615 303 1650 caeteris,
339 1622 443 1656 quanto
467 1614 605 1645 decentius
629 1615 767 1656 Virgilius
782 1615 886 1646 dixerit
907 1617 966 1651 hoc,
994 1617 1069 1658 quod
1087 1617 1177 1647 valde
1190 1625 1252 1647 erat
1267 1617 1392 1649 celebre.-

89 1664 252 1707 Qicquid
276 1663 540 1704 apud—vi&oria
569 1664 705 1695 Graium
732 1664 831 1696 haefit.
888 1667 1012 1710 Mffzla
1037 1666 1141 1704 aiebat,
1166 1669 1212 1698 hic
1236 1669 1392 1710 Virgilium

86 1717 203 1760 debuffe
232 1715 350 1757 definere
367 1728 377 1746 ,-
411 1715 487 1757 quod
506 1715 659 1758 sequitur.-
695 1723 726 1745 et
752 1715 784 1745 in
801 1716 831 1747 d.
850 1726 880 1746 v.
898 1727 923 1746 r.
946 1727 1077 1754 annum,
1099 1718 1297 1760 explementum
1327 1721 1388 1762 ‘ff’-

85 1767 234 1799 Maecenas
261 1767 310 1796 hoc
334 1767 415 1796 etiam
437 1767 528 1807 priori
552 1765 742 1808 comparabat.
788 1765 1032 1797 Affentiendum
1062 1767 1201 1798 arbitror
1229 1767 1388 1801 Messalae.

85 1819 175 1849 Idem
190 1815 425 1847 hemistichium
442 1814 507 1845 fere
521 1814 588 1856 jam
604 1815 696 1858 supra
712 1816 889 1847 intexuerat
905 1816 960 1847 lib.
977 1817 1036 1854 IX,
1061 1826 1133 1856 155.
1179 1819 1328 1849 Tandem
1354 1820 1390 1862 est}

86 1869 171 1901 abest
185 1869 244 1900 sec.
261 1867 345 1899 Voss.
376 1874 408 1897 et
423 1878 471 1908 pr.
499 1867 615 1897 Hamb.
662 1870 783 1899 νυὶᾰῖονία
800 1877 908 1899 tantum
933 1861 1074 1910 Oblong.
1099 1869 1207 1900 Pierii.
1253 1871 1289 1900 In
1318 1871 1387 1905 Erf.

82 1931 115 1952 v.
138 1929 201 1962 290
218 1926 290 1950 ante
308 1917 369 1960 289
387 1917 561 1959 legebatur.
653 1928 727 1960 290.
746 1933 780 1950 v.
792 1920 898 1961 dssulit
914 1919 1081 1950 Vratiss.et
1095 1919 1230 1951 Dorvill.
1264 1923 1389 1954 evi-ft'oria

81 1972 189 2014 redegi2
219 1972 348 2012 Menag.
374 1979 420 2010 pr.
510 1978 583 2010 293.
608 1979 768 2002 concurrent
790 1970 906 2001 Medic.
932 1981 950 2000 a
969 1981 1013 2002 m.
1042 1981 1090 2011 pr.
1179 1980 1255 2012 294.
1286 1984 1337 2004 rex
1358 1986 1386 2004 0.

83 2035 178 2065 regum
194 2020 307 2063 vulgg⁴
325 2019 396 2050 edd.
412 2027 445 2050 et
461 2019 552 2050 codd.
572 2030 636 2050 non
652 2021 749 2051 modo
766 2020 868 2051 infimi
884 2020 955 2056 aevi,
979 2028 1013 2051 ut
1029 2019 1169 2052 Dorvill.
1194 2021 1294 2054 Goth.
1323 2033 1389 2064 pn,

81 2074 135 2105 sed
151 2079 182 2103 et
192 2073 357 2102 Romanus
371 2081 390 2100 a
404 2080 450 2111 pr.
467 2080 509 2101 m.
557 2069 684 2101 Obtulit
699 2079 808 2101 tamen
830 2073 901 2113 regis
926 2070 1010 2101 Pier.
1029 2081 1045 2101 e
1062 2072 1158 2100 Rom.
1175 2077 1207 2101 et
1223 2071 1262 2102 al.
1289 2073 1387 2104 Adde

82 2122 208 2155 Medic.
232 2130 264 2153 et
280 2121 320 2153 al.
337 2121 448 2152 Heius.
472 2131 530 2152 nec
543 2128 649 2152 tamen
666 2121 726 2152 hoc
743 2121 918 2164 repositum
932 2122 1026 2154 video
1042 2121 1100 2153 nisi
1115 2132 1134 2153 a
1149 2121 1341 2154 Pulmanuo.

761 2269 841 2307 pus,
857 2269 919 2308 per
933 2258 1032 2307 quod
1050 2259 1202 2308 affatum
1219 2262 1263 2311 est
1275 2274 1288 2297 .·
1305 2273 1385 2311 quae

77 2256 276 2310 expediunt
320 2256 418 2294 Serv.
471 2265 507 2293 et
561 2255 695 2294 Cerda.

761 2321 862 2345 mora
880 2308 1020 2347 excidii
1037 2309 1130 2347 faeta
1151 2328 1161 2356 3
1191 2309 1302 2362 haefit‚
1331 2325 1384 2348 re-

79 2314 166 2361 285.
194 2309 311 2346 Color
329 2309 444 2353 idem,
471 2307 535 2359 qui
553 2308 591 2344 in
618 2309 696 2358 pul-

76 2360 264 2400 cherrimis
285 2360 384 2397 verff.
415 2359 523 2397 Iliad.
551 2363 591 2402 β’,
622 2372 665 2410 37
677 2372 690 2396 1

73 2415 382 2503 1353123252813.
400 2411 589 2513 ssgidfffz‘
605 2423 696 2506 ὀξεῖ

76 2527 112 2554 et
124 2517 192 2554 hoc
202 2528 267 2564 pro
281 2513 491 2558 Dardaniis,
502 2513 673 2563 Trojanis
685 2528 695 2557 3

76 2576 269 2626 utljumquq:
298 2578 343 2638 eit
372 2569 562 2616 po'eltarum
581 2577 697 2653 more6.

73 2617 379 2723 ἕῗζδῖνωῗῗῗὲἓ.
392 2617 696 2720 Ξὲξιὶῑᾶῒξέῃῖι-

76 2733 168 2767 tum,
200 2723 253 2770 ἐφ’
271 2724 357 2764 ὅσον,
390 2732 452 2772 per
482 2731 588 2759 omne
605 2729 695 2759 tem·

126 2774 250 2813 Tou.
269 2771 349 2812 111.

761 2360 900 2396 tardata
935 2361 997 2405 est,
1042 2361 1197 2399 substitit
1230 2362 1383 2400 vif'toria

761 2410 988 2449 Achivorum
1022 2423 1058 2450 et
1095 2414 1208 2451 retulit
1223 2417 1380 2465 vestigia,

763 2462 896 2513 relapsa
927 2465 990 2507 est,
1025 2464 1186 2513 adeoque
1211 2465 1323 2501 dubia
1344 2476 1381 2502 et

762 2513 900 2551 incerta
918 2515 987 2552 fuit
1009 2515 1178 2552 Hefloris
1203 2526 1239 2552 et
1258 2517 1381 2554 AEneae

762 2574 894 2615 opera:
915 2567 977 2603 hos
995 2577 1112 2604 autem
1133 2567 1379 2616 Trojanorum

760 2615 964 2654 fortiffimos
981 2617 1054 2666 ipse
1083 2617 1263 2654 Homerus
1294 2631 1378 2668 pro-

760 2668 942 2706 nuntiavit
978 2668 1085 2706 Iliad.
1121 2686 1155 2719 ς,
1194 2683 1280 2720 5¹3·
1325 2670 1378 2708 cf.

758 2717 868 2757 Iliad.
914 2738 943 2766 ε,
976 2721 1067 2772 467.
1100 2724 1190 2772 468.
1264 2721 1378 2758 Pon-o

811 2770 845 2809 L
873 2770 886 2812 1
1303 2784 1375 2825 29,-
