1847 3313
403 277 496 325 510
604 253 1074 305 P.V1RG1L11
1126 253 1520 304 MARoNis

398 391 541 437 Nunc
568 391 644 444 ite,
670 400 714 434 et
740 386 920 434 miseris
946 385 1197 448 subponite
1221 387 1406 435 civibus
1427 389 1607 452 ignem.

399 482 597 529 Dixerat
624 478 811 525 AEneas.
882 476 982 524 Olli
1007 477 1288 540 obstupuere
1311 476 1522 533 filentes;
1620 491 1709 526 120

400 569 715 634 Converfique
737 570 898 616 oculos
922 570 1043 616 inter
1062 568 1105 614 se
1123 580 1263 631 atque
1285 585 1364 616 ora
1387 569 1624 616 tenebant.

398 667 527 713 Tum
553 665 705 710 senior
727 663 1003 725 semperque
1020 661 1142 707 odiis
1165 672 1209 707 et
1231 661 1432 708 crimine
1454 661 1663 709 Drances

398 753 614 802 infensus
640 752 807 817 juveni
833 753 984 799 Turni
1010 751 1071 798 fic
1097 768 1175 798 ore
1200 750 1400 798 vicissim

398 844 515 891 Orsa
541 844 707 891 refert:
744 844 791 890 O
815 843 938 890 fama
962 844 1142 906 ingen5‚
1166 843 1405 906 ingentior
1424 844 1584 899 armis,

399 934 487 981 vir
511 934 731 997 Trod'ane,
746 932 915 995 quibus
935 929 1060 980 coelo
1076 946 1120 978 te
1136 932 1351 979 laudibus
1373 933 1589 995 aequem?
1618 945 1702 996 125

399 1025 664 1087 Justitiaene
688 1024 817 1086 prius
836 1023 992 1080 mirer,
1013 1024 1188 1070 belline
1210 1023 1425 1070 laborum
1447 1025 1463 1070 ?

397 1113 498 1160 Nos
525 1130 633 1160 vero
656 1115 759 1161 haec
784 1114 989 1175 patriam
1006 1115 1125 1178 grati
1147 1114 1402 1161 referemus
1423 1115 1481 1162 ad
1505 1116 1705 1163 urbem:

397 1203 461 1250 Et
489 1216 548 1259 te,
572 1203 606 1248 fi
631 1218 721 1265 qua
746 1204 872 1249 viam
898 1204 1080 1250 dederit
1103 1205 1303 1261 fortuna,
1329 1204 1503 1252 Latino

398 1293 659 1358 Jungemus
687 1295 803 1358 regi.
879 1295 1079 1359 Qaerat
1103 1295 1188 1342 fibi
1214 1296 1392 1344 foedera
1414 1297 1618 1344 Turnus,

401 1386 530 1450 Qin
559 1398 602 1430 et
627 1385 775 1433 fatalis
803 1402 1048 1434 murorum
1073 1388 1299 1435 adtollere
1322 1388 1485 1444 moles,
1615 1401 1718 1450 130.

398 1476 609 1539 Saxaque
634 1477 902 1524 subvthare
921 1479 1126 1526 humeris
1150 1477 1353 1543 Trojana
1370 1478 1576 1543 juvabit.

445 1604 516 1626 120.
541 1597 590 1627 Illi
611 1597 749 1629 Dorvill.
780 1597 881 1629 Goth.
907 1604 980 1629 tert.
1009 1608 1082 1629 cum
1113 1599 1208 1630 Rom.
1254 1598 1304 1630 Illi
1318 1598 1466 1641 obstipuere
1481 1598 1564 1629 Pier.
1583 1597 1615 1628 in
1638 1607 1708 1629 om-

399 1646 490 1677 nibus
506 1647 572 1678 fere
589 1649 931 1681 invenerat.--122.
947 1650 1002 1693 fid
1023 1652 1135 1681 crimine
1162 1652 1281 1682 Donat.
1309 1651 1350 1681 ad
1364 1651 1495 1682 Terent.
1521 1651 1598 1680 Hec.
1615 1651 1656 1685 V,
1675 1658 1708 1685 2,

403 1706 452 1737 13.
501 1701 631 1731 Drances
656 1702 722 1732 odiis
750 1710 775 1731 et
802 1703 912 1732 crimine
925 1702 1035 1745 semper
1061 1702 1162 1734 Goth.
1188 1709 1260 1733 tert.
1351 1709 1427 1740 123.
1450 1701 1571 1744 Infistus
1597 1700 1708 1732 multae

399 1750 470 1781 edd.
491 1758 585 1788 vem,
602 1750 639 1781 sic
659 1761 689 1782 et
713 1751 797 1782 Gud.
816 1750 896 1782 alter
913 1753 1044 1792 Menag.
1063 1759 1093 1782 et
1111 1751 1174 1782 duo
1192 1751 1289 1782 Goth.
1336 1751 1454 1793 Inferfis
1479 1749 1615 1781 Mentel.
1642 1760 1707 1791 pr„

398 1808 428 1831 et
453 1802 560 1844 Inscrfi
576 1802 691 1834 Medic.
711 1813 728 1833 a
743 1812 786 1832 m.
803 1812 851 1843 pr.
871 1809 900 1832 et
918 1800 1213 1843 Hugen.-—--—126.
1238 1800 1531 1844 Justitiane-labore
1556 1800 1654 1831 Rom.
1676 1809 1709 1831 et

397 1852 452 1884 alii
469 1853 550 1882 Pier.
571 1865 643 1884 cum
659 1854 776 1895 Regio.
823 1854 982 1896 Justitiane
998 1861 1030 1884 et
1048 1852 1173 1884 laborum
1187 1852 1336 1883 Priscian.
1354 1853 1450 1882 XVII
1472 1851 1555 1893 apud
1572 1852 1656 1883 Pier.
1675 1859 1708 1883 et

401 1901 507 1933 Heins.
550 1904 655 1935 labores
675 1904 803 1936 Alcuin.
827 1904 861 1934 in
883 1905 1064 1937 Grammat‘
1110 1903 1229 1934 laborem
1249 1903 1396 1934 nonnulli
1417 1902 1523 1934 Heins.
1550 1911 1582 1934 et
1606 1903 1707 1941 Pier.,

398 1953 515 1984 horum
543 1954 596 1986 alii
620 1957 719 1986 etiam
742 1957 893 1999 Justitiam
919 1963 950 1986 et
974 1955 1104 1987 laborem.
1165 1955 1251 1986 Vols.
1278 1955 1428 1998 Justitiam
1445 1957 1578 1998 primum.
1623 1955 1706 1997 Qiae

398 2007 506 2036 omnia
530 2006 686 2039 debentur
709 2007 996 2049 grammaticorum
1017 2006 1148 2038 inscitiae
1172 2007 1349 2049 graecismi:
1370 2007 1530 2046 θαυμάζειν
1551 2006 1613 2037 τινὰ
1639 2007 1706 2041 τινὲς

398 2056 506 2100 (χιλίην,
535 2056 639 2099 ἕνεκα).
668 2058 752 2089 conf.
775 2057 881 2088 Guell.
935 2059 1040 2089 bellive
1062 2057 1205 2088 Parthas.
1298 2066 1371 2096 127.
1408 2058 1459 2089 hoc
1497 2057 1559 2087 duo
1591 2058 1705 2090 Burm.

394 2112 476 2151 grati
503 2109 748 2151 superscriptum
773 2110 835 2141 laeti
861 2108 988 2141 Zulich.
1081 2117 1154 2150 129.
1178 2109 1297 2152 foedere
1324 2106 1459 2140 Mentel.
1491 2118 1706 2150 pr.-—-131.

399 2162 567 2199 subvefiari
589 2160 648 2192 sec,
669 2164 786 2193 Moret.
815 2163 897 2203 Reg.
930 2161 1092 2205 subjeffare
1118 2161 1218 2192 Goth.
1245 2171 1311 2203 piu,
1335 2160 1388 2190 sed
1404 2160 1463 2191 hoc
1479 2160 1565 2192 aliud
1581 2161 1640 2193 est:
1664 2162 1705 2194 cf.

402 2214 532 2244 Lucret.
552 2213 608 2249 Vl,
626 2220 699 2249 700,
719 2212 773 2242 ubi
790 2220 916 2243 montes
937 2211 1095 2244 cavernosi
1113 2212 1241 2243 extollere
1253 2212 1389 2254 flammas
1404 2212 1535 2255 saxaque
1548 2212 1722 2254 subjeft‘arff

404 2262 565 2294 dicuntur.
608 2263 708 2293 Porro
724 2262 847 2302 frojam·
862 2273 878 2293 a
895 2273 941 2294 m.
965 2263 1025 2294 sec.
1048 2260 1164 2294 Medic.
1191 2261 1354 2292 Montalb.
1382 2263 1465 2304 Reg.
1495 2270 1528 2294 et
1556 2263 1706 2300 Dorvill.‚

405 2324 568 2357 perperam
584 2325 592 2351 3
614 2321 650 2344 ut
665 2314 818 2354 ‘frojanam
829 2315 934 2352 urbem,
945 2313 1080 2355 Trajanos
1088 2326 1190 2351 muros,
1204 2313 1244 2344 slc
1253 2313 1330 2357 saxa
1346 2313 1472 2355 Trojana
1483 2314 1574 2345 dixit.
1618 2316 1709 2347 Tan-

408 2368 483 2398 «lem
495 2365 628 2407 juvabat
645 2376 662 2395 a
675 2376 718 2395 m.
739 2375 787 2407 pr.
805 2366 889 2397 Gud.
905 2377 957 2408 qu.
976 2366 1100 2398 Moret.
1119 2373 1151 2397 et
1167 2366 1292 2402 Franz,
1307 2372 1343 2396 ut
1358 2375 1433 2396 mox
1449 2375 1480 2396 v.
1501 2365 1575 2398 168.

406 2440 443 2477 vi
494 2440 667 2492 aufugisse
711 2440 790 2492 sup.
834 2440 890 2486 X,
943 2441 1017 2492 665
1088 2440 1173 2478 Cat.
1192 2440 1276 2491 maj.
1296 2439 1465 2478 Macrob.
1486 2439 1544 2476 VI
1561 2441 1636 2479 Sat.
1667 2455 1705 2487 2,

398 2495 419 2531 s
429 2522 448 2541 ,.
1084 2492 1222 2536 laudat,
1255 2493 1464 2543 contingebat
1493 2498 1592 2537 ineo,
1624 2497 1712 2544 quod

458 2557 541 2582 121.
595 2544 760 2592 Conversi
772 2564 825 2572 -—-
841 2543 1022 2582 tenebant:
1077 2545 1240 2595 plerisque
1270 2555 1383 2581 contra
1397 2543 1497 2592 soler,
1527 2555 1564 2581 ut
1579 2548 1708 2596 majora

407 2609 473 2648 pro
500 2596 642 2646 vulgari
670 2595 856 2632 conversos
884 2596 1019 2633 oculos,
1084 2602 1192 2633 omnia
1211 2611 1246 2632 re
1262 2610 1359 2644 quam
1374 2600 1481 2646 fizma
1498 2597 1705 2635 viderentur.

408 2661 490 2685 122.
533 2660 562 2684 et
599 2654 745 2691 crimine,
790 2646 925 2684 crimen
954 2659 1020 2697 pro
1085 2647 1171 2691 Sed,
1206 2655 1246 2683 ut
1264 2645 1459 2684 Maronem
1488 2647 1708 2686 aCicerone

402 2699 680 2736 criminatione:
713 2709 749 2735 ut
777 2699 876 2748 saepe.
934 2711 1019 2747 ¹24·
1084 2697 1220 2748 petiisse
1247 2699 1387 2742 credat,
1414 2710 1520 2736 nemo
1556 2698 1594 2736 in
1631 2700 1708 2736 ani-

403 2758 506 2788 armis
533 2764 596 2800 pro
625 2749 742 2792 fadis,
772 2750 875 2787 rebus
903 2750 1021 2800 gestis,
1085 2763 1185 2786 mum
1231 2748 1392 2787 inducat.
1477 2763 1563 2799 130.
1620 2764 1708 2799 131.

402 2812 438 2841 ut
471 2802 511 2839 in
545 2802 609 2838 illo
641 2801 844 2848 Ciceronis,
875 2801 973 2853 quod
1000 2814 1020 2840 e
1085 2800 1189 2853 Qin
1207 2813 1272 2838 nos
1303 2801 1418 2853 parati
1437 2800 1556 2840 sumus
1588 2800 1624 2836 in
1643 2814 1707 2838 ex..

576 2866 602 2903 4
1315 2885 1317 2887 ,
1559 2854 1707 2893 truenda
