1847 3313
352 296 772 355 AENEIDOS,
824 296 973 344 LIB.
1022 294 1157 343 VIII.
1319 309 1410 360 229

107 431 276 479 AEneas
296 430 600 479 Anchisiades
625 443 671 477 et
696 430 816 477 fidus
841 429 1066 486 Achates,

105 523 356 590 Multaque
378 527 492 574 dura
514 525 594 572 suo
617 525 736 571 tristi
761 541 872 571 cum
896 525 1039 572 corde
1065 523 1327 587 putabant3

103 615 168 663 Ni
185 618 369 682 fignum
387 619 512 665 coelo
527 617 754 678 Cytherea
777 616 972 664 dediffet
994 628 1178 679 aperto.

101 705 323 771 Namque
347 707 580 771 inproviso
605 709 812 754 vibratus
833 708 892 753 ab
919 707 1095 753 aethere
1120 706 1279 769 fulgor

103 797 227 844 Cum
244 798 395 845 sonitu
409 799 553 856 venit,
570 812 615 845 er
632 815 761 845 ruere
778 798 938 845 omnia
955 798 1051 844 visa
1070 811 1277 859 repente,
1314 812 1402 861 525

100 885 461 950 Tyrrhenusque
485 890 612 936 tubae
638 890 824 953 mugire
847 906 932 952 per
959 889 1133 936 aethera
1157 889 1367 952 clangor.

97 973 394 1035 Suspiciunt:
439 976 614 1023 iterum
636 989 775 1040 atque
801 979 974 1024 iterum
1001 978 1161 1040 fragor
1186 978 1398 1041 Increpat

290 1066 470 1129 ingens,

96 1157 245 1203 Arma
269 1157 391 1206 inter
413 1158 605 1216 nubem,
641 1160 754 1206 coeli
781 1161 829 1206 in
853 1158 1050 1223 regione
1074 1160 1248 1218 serena,

94 1294 188 1338 dffxi
210 1296 301 1328 Leid.
350 1299 501 1339 intentique
518 1296 639 1338 aliquot
657 1300 741 1330 Pier.
767 1311 783 1330 e
800 1298 953 1330 similibus
969 1300 1055 1332 Iocis.
1099 1301 1186 1342 defixi
1199 1313 1248 1331 ora
1263 1298 1401 1330 malebat

95 1347 312 1390 Cuningham.
403 1358 482 1388 522.
504 1350 649 1393 Mfiaque
676 1351 774 1381 Goth.
808 1358 880 1382 tert.
927 1352 1002 1383 dura
1026 1353 1080 1383 duo
1103 1352 1183 1393 conj.
1213 1353 1404 1388 Burmann„

92 1408 206 1439 parum
222 1400 309 1431 scite.
352 1409 410 1430 tum
435 1400 491 1431 sec.
511 1401 668 1433 Rottend.
714 1402 801 1445 tristes
830 1402 929 1434 Goth.
949 1403 1008 1434 sec.
1048 1404 1199 1447 subcorde
1224 1409 1296 1434 tert.
1343 1414 1401 1432 mo-

93 1449 202 1480 vebant
218 1450 349 1491 Hugen.
374 1460 391 1480 a
407 1460 449 1479 m.
469 1450 543 1488 seo,
564 1451 886 1493 interpretamentum
902 1453 1103 1495 essputabant.
1191 1461 1269 1492 523.
1296 1465 1310 1483 e
1333 1452 1401 1483 coelo

92 1501 251 1532 Montalb.
295 1502 405 1544 ‘Isyrrea
423 1501 591 1533 Goth.scc.
638 1504 665 1534 d.
689 1503 725 1535 ab
742 1505 799 1534 alto
822 1504 928 1545 Bigot.
963 1504 1056 1535 Leid.
1089 1515 1147 1545 pro
1163 1505 1228 1535 div.
1258 1504 1331 1535 leSt.
1365 1511 1399 1535 et

93 1553 194 1585 Goth.
213 1561 287 1585 tert.
377 1563 451 1592 527.
474 1557 612 1597 increpat.
657 1556 868 1587 Consentiunt
885 1556 916 1586 in
932 1556 1012 1586 hanc
1024 1556 1194 1587 letstionem
1212 1556 1250 1587 ab
1268 1555 1398 1588 Heinfio

89 1603 224 1642 illatam,
251 1616 269 1635 a
285 1606 469 1637 Burmanno
492 1617 570 1637 vero
587 1607 718 1643 incuria,
748 1618 782 1638 ut
799 1608 948 1644 arbitror,
977 1607 1093 1638 iterum
1110 1607 1266 1644 omissam,
1287 1617 1400 1637 omnes

89 1656 322 1698 praestantiores
338 1656 458 1686 Heinfii
470 1665 501 1688 et
520 1657 615 1688 Pierii
633 1659 754 1689 codices
766 1669 838 1689 cum
850 1658 936 1700 Julio
951 1657 1078 1695 Sabino,
1093 1669 1162 1698 quae
1176 1657 1280 1698 etipsa
1291 1657 1398 1698 paullo

91 1706 217 1736 doetior
243 1706 298 1744 est,
319 1716 377 1747 pro
391 1707 485 1749 sonat,
507 1714 542 1737 ut
561 1706 622 1738 inf.
658 1708 717 1743 IX,
738 1717 803 1746 504
827 1708 864 1738 de
891 1708 969 1737 rubae
992 1707 1102 1750 fhnitu3
1144 1714 1175 1738 et
1197 1707 1303 1738 locum
1319 1707 1400 1740 facit

89 1758 193 1789 versui
209 1758 283 1789 hinc
292 1757 400 1794 tertio,
417 1767 481 1798 529
505 1760 568 1789 hinc
577 1759 661 1801 pulsa
678 1768 780 1789 tonare.
831 1760 942 1790 Intonat
957 1767 1082 1788 tantum
1094 1759 1288 1789 recentiores
1303 1758 1396 1789 codd.

88 1808 213 1846 insidet,
236 1816 267 1839 et
287 1808 356 1840 edd.
381 1815 516 1845 veteres,
539 1819 615 1850 quas
643 1809 760 1846 evolui,
789 1808 886 1842 Aldd.
922 1816 953 1838 et
975 1808 1049 1838 hinc
1074 1808 1244 1849 profectas,
1274 1819 1396 1840 omnes.

85 1861 243 1903 Agnoscit
268 1871 394 1903 quoque
420 1862 557 1892 Servius.
594 1861 679 1903 sonus
706 1864 814 1893 intonat
845 1861 931 1893 Gud.
960 1872 978 1892 a
994 1871 1037 1892 m.
1057 1861 1115 1891 sec.
1162 1861 1265 1904 insonat
1289 1863 1393 1895 Dorv.

86 1917 192 1948 intonat
216 1926 299 1945 aures
323 1913 497 1945 admodum
522 1913 636 1944 vetusti
664 1914 753 1944 codd.
780 1915 863 1956 apud
883 1913 965 1944 Pier.
1055 1913 1131 1952 528.
1158 1916 1185 1944 in
1201 1913 1285 1944 abest
1301 1924 1319 1944 a
1339 1924 1391 1955 pr.

86 1976 133 1996 m.
153 1976 170 1995 a
188 1965 304 1996 Medic.
325 1972 357 1995 et
382 1964 483 2002 Gud„
505 1972 536 1995 et
553 1965 698 1995 Nonius:
739 1967 810 1996 inter
835 1965 920 1997 nubes
945 1964 1010 1995 caeli
1034 1965 1142 2006 regione
1162 1965 1273 2008 strena.
1320 1968 1392 1996 inter

84 2017 168 2050 nubes
198 2017 296 2047 etiam
323 2015 479 2053 Parrhas.,
513 2016 618 2046 minus
640 2016 745 2049 doste.

85 2114 148 2143 tuo
166 2118 264 2142 more
281 2117 332 2142 res
349 2104 452 2141 aliter
464 2103 525 2140 vix
538 2103 701 2153 expediri
769 2105 880 2153 αἶψα
910 2115 1002 2139 nova
1017 2101 1134 2139 forma
1148 2101 1334 2145 orationis,
1351 2101 1390 2140 in

85 2158 279 2208 AEneaeque
293 2155 432 2193 animus
445 2154 535 2207 erigi
548 2164 702 2204 poterat,
768 2167 837 2203 qua
857 2155 969 2191 miror
988 2154 1195 2203 interpretes
1214 2167 1286 2191 non
1315 2155 1387 2191 hae-

84 2222 192 2259 quam
210 2209 344 2245 ostento
362 2207 415 2243 vel
432 2206 594 2256 augurio.
632 2206 702 2243 Sed
767 2206 849 2242 fiffe.
905 2205 1046 2255 Ellipfis
1071 2205 1136 2242 esse
1152 2205 1258 2242 debet
1276 2205 1389 2243 totius

83 2264 193 2310 po’eta
212 2272 303 2295 nove
330 2258 369 2294 id
388 2267 609 2294 commentus
640 2258 702 2300 est,
765 2256 1020 2293 enuntiationis
1041 2270 1049 2293 :
1079 2266 1110 2292 et
1142 2259 1263 2293 diutins
1288 2264 1387 2294 etiam

83 2311 180 2361 qnod
202 2320 414 2351 meteorum,
447 2308 503 2345 seu
528 2310 699 2345 ostentum
765 2315 800 2344 in
825 2324 865 2345 ea
891 2314 1082 2359 cogitatione
1105 2309 1211 2356 defixi
1227 2310 1387 2357 perstitff-

81 2363 189 2408 ae'ris,
216 2362 262 2399 ad
295 2360 478 2412 strepitum
510 2372 556 2395 ex
592 2359 701 2396 armis
750 2364 843 2408 sent,
872 2360 924 2396 Ni
954 2370 1023 2396 etc.
1078 2359 1248 2408 vulgaris
1265 2360 1385 2397 forma

82 2415 250 2453 caelitusa
266 2413 408 2449 Venere
422 2410 536 2447 allatis
553 2412 696 2447 retulit:
763 2421 837 2447 erat
858 2424 867 2448 :
897 2427 967 2449 cum
987 2411 1124 2461 signum
1150 2416 1256 2448 Venus
1281 2413 1382 2448 dedit.

81 2481 154 2504 non
181 2465 300 2503 dicam
325 2462 511 2514 equidem,
543 2475 588 2498 an
618 2461 700 2498 satis
766 2461 872 2499 Dixit
898 2462 978 2501 caelo
1011 2471 1137 2511 aperto,
1172 2470 1210 2498 ut
1245 2461 1316 2498 Ge.
1349 2462 1382 2506 I,

79 2517 246 2555 feliciter.
292 2516 406 2552 Arma
421 2513 459 2550 in
476 2513 562 2550 caelo
578 2513 697 2563 paffim
765 2526 836 2561 393
866 2524 984 2563 aperta
1001 2517 1138 2562 serena,
1166 2526 1248 2549 cum
1271 2512 1383 2549 nubes

80 2582 100 2605 a
114 2567 352 2619 superstitiosis
380 2565 588 2602 hominibus
607 2577 694 2600 con·
763 2564 931 2602 dicantur
954 2565 1078 2602 caelum
1098 2564 1291 2601 obducere.
1329 2563 1381 2602 cf.

80 2621 210 2671 speeta,
254 2618 340 2655 belli
369 2628 404 2654 et
435 2617 548 2653 cladis
582 2615 694 2665 figna,
761 2629 846 2652 mox
864 2630 896 2653 v.
918 2630 1005 2668 527.
1028 2619 1113 2666 528.
1170 2616 1254 2666 526.
1282 2615 1381 2652 clan-

77 2671 248 2721 equidem
290 2670 359 2706 hue
403 2681 476 2705 non
521 2667 692 2710 referam3
759 2680 827 2717 gor
845 2679 1133 2716 armorum,quae
1146 2666 1382 2703 movebantur

78 2736 144 2759 nec
164 2721 467 2772 Spenciiacumen
479 2719 610 2768 placet,
631 2719 695 2754 Po·
760 2731 823 2768 per
840 2722 958 2756 aerem
976 2718 1161 2768 deportata
1181 2729 1201 2753 a
1221 2716 1378 2761 Venere,

78 2774 202 2823 lymet.
237 2772 334 2809 Dial.
367 2785 428 2815 20,
463 2784 499 2807 n.
535 2774 597 2811 28,
630 2769 694 2819 qui
760 2780 1013 2821 comparantur
1031 2781 1113 2806 cum
1131 2769 1302 2818 clangore
1322 2778 1377 2806 tu-

77 2837 240 2862 auroram
258 2824 434 2860 borealem
459 2835 479 2857 a
503 2826 613 2871 poeta
630 2822 692 2857 de-
761 2819 827 2858 bae.
890 2819 1065 2870 Tyrrhena
1108 2824 1186 2869 (pro
1217 2819 1377 2869 Tyrrhe-

77 2875 183 2914 scribi
202 2875 364 2926 putabat.
419 2885 505 2924 523·
535 2873 691 2910 Ni—de-
758 2872 858 2922 nica)
898 2872 993 2916 tuba,
1037 2883 1057 2908 a
1093 2871 1306 2922 Tyrrhenis,
1338 2879 1376 2907 ut

86 2935 89 2938 ’
1248 2931 1377 2962 notum
