<?xml version="1.0" encoding="UTF-8"?>
<!DOCTYPE html PUBLIC "-//W3C//DTD XHTML 1.0 Transitional//EN"
    "http://www.w3.org/TR/xhtml1/DTD/xhtml1-transitional.dtd">
<html xmlns="http://www.w3.org/1999/xhtml" xml:lang="en" lang="en">
 <head>
  <title>
</title>
<meta http-equiv="Content-Type" content="text/html;charset=utf-8" />
  <meta name='ocr-system' content='tesseract 3.04.00' />
  <meta name='ocr-capabilities' content='ocr_page ocr_carea ocr_par ocr_line ocrx_word'/>
</head>
<body>
  <div class='ocr_page' id='page_1' title='image "./operavarietatele03virguoft_0282.png"; bbox 0 0 1847 3313; ppageno 0'>
   <div class='ocr_carea' id='block_1_1' title="bbox 389 286 1337 340">
    <p class='ocr_par' dir='ltr' id='par_1_1' title="bbox 389 286 1337 340">
     <span class='ocr_line' id='line_1_1' title="bbox 389 286 1337 340; baseline -0.005 -1"><span class='ocrx_word' id='word_1_1' title='bbox 389 293 478 340; x_wconf 80' lang='lat'>268</span> <span class='ocrx_word' id='word_1_2' title='bbox 694 286 1204 337; x_wconf 89' lang='lat' dir='ltr'>EXCURSUS</span> <span class='ocrx_word' id='word_1_3' title='bbox 1262 287 1337 335; x_wconf 93' lang='lat' dir='ltr'>III</span> 
     </span>
    </p>
   </div>
   <div class='ocr_carea' id='block_1_2' title="bbox 385 413 1724 2786">
    <p class='ocr_par' dir='ltr' id='par_1_2' title="bbox 385 413 1701 1183">
     <span class='ocr_line' id='line_1_2' title="bbox 385 413 1692 470; baseline -0.005 -12"><span class='ocrx_word' id='word_1_4' title='bbox 385 432 467 458; x_wconf 83' lang='lat' dir='ltr'>rum</span> <span class='ocrx_word' id='word_1_5' title='bbox 496 420 653 470; x_wconf 75' lang='lat' dir='ltr'>origines</span> <span class='ocrx_word' id='word_1_6' title='bbox 684 420 776 456; x_wconf 85' lang='lat' dir='ltr'>ultra</span> <span class='ocrx_word' id='word_1_7' title='bbox 805 417 916 468; x_wconf 79' lang='lat' dir='ltr'>Alpes</span> <span class='ocrx_word' id='word_1_8' title='bbox 945 417 1153 467; x_wconf 72' lang='lat' dir='ltr'>quaerendas</span> <span class='ocrx_word' id='word_1_9' title='bbox 1171 417 1251 461; x_wconf 83' lang='lat' dir='ltr'>effe,</span> <span class='ocrx_word' id='word_1_10' title='bbox 1280 415 1444 453; x_wconf 86' lang='lat' dir='ltr'>dubitari</span> <span class='ocrx_word' id='word_1_11' title='bbox 1471 415 1534 453; x_wconf 86' lang='lat' dir='ltr'>vix</span> <span class='ocrx_word' id='word_1_12' title='bbox 1554 413 1692 466; x_wconf 83' lang='lat' dir='ltr'>potest3</span> 
     </span>
     <span class='ocr_line' id='line_1_3' title="bbox 385 475 1693 529; baseline -0.005 -13"><span class='ocrx_word' id='word_1_13' title='bbox 385 481 485 529; x_wconf 87' lang='lat' dir='ltr'>quod</span> <span class='ocrx_word' id='word_1_14' title='bbox 502 480 573 516; x_wconf 81' lang='lat' dir='ltr'>alio</span> <span class='ocrx_word' id='word_1_15' title='bbox 593 492 737 529; x_wconf 88' lang='lat' dir='ltr'>quoque</span> <span class='ocrx_word' id='word_1_16' title='bbox 755 479 836 515; x_wconf 88' lang='lat' dir='ltr'>loco</span> <span class='ocrx_word' id='word_1_17' title='bbox 854 486 1019 514; x_wconf 86' lang='lat' dir='ltr'>accurate</span> <span class='ocrx_word' id='word_1_18' title='bbox 1036 476 1255 527; x_wconf 88' lang='lat' dir='ltr'>disputatum</span> <span class='ocrx_word' id='word_1_19' title='bbox 1283 477 1328 512; x_wconf 86' lang='lat' dir='ltr'>est</span> <span class='ocrx_word' id='word_1_20' title='bbox 1351 493 1360 521; x_wconf 89' lang='lat'>;</span> <span class='ocrx_word' id='word_1_21' title='bbox 1391 475 1554 526; x_wconf 86' lang='lat' dir='ltr'>Pelasgos</span> <span class='ocrx_word' id='word_1_22' title='bbox 1573 486 1693 512; x_wconf 79' lang='lat' dir='ltr'>tamen</span> 
     </span>
     <span class='ocr_line' id='line_1_4' title="bbox 385 532 1694 584; baseline -0.005 -9"><span class='ocrx_word' id='word_1_23' title='bbox 385 537 425 575; x_wconf 86' lang='lat' dir='ltr'>in</span> <span class='ocrx_word' id='word_1_24' title='bbox 448 540 508 575; x_wconf 83' lang='lat' dir='ltr'>has</span> <span class='ocrx_word' id='word_1_25' title='bbox 525 538 663 575; x_wconf 82' lang='lat' dir='ltr'>casdem</span> <span class='ocrx_word' id='word_1_26' title='bbox 681 537 726 574; x_wconf 85' lang='lat' dir='ltr'>ab</span> <span class='ocrx_word' id='word_1_27' title='bbox 744 536 934 574; x_wconf 89' lang='lat' dir='ltr'>occidente</span> <span class='ocrx_word' id='word_1_28' title='bbox 950 535 1099 572; x_wconf 87' lang='lat' dir='ltr'>Tiberis</span> <span class='ocrx_word' id='word_1_29' title='bbox 1116 534 1194 571; x_wconf 79' lang='lat' dir='ltr'>sitas</span> <span class='ocrx_word' id='word_1_30' title='bbox 1209 545 1316 571; x_wconf 80' lang='lat' dir='ltr'>terras</span> <span class='ocrx_word' id='word_1_31' title='bbox 1331 533 1563 584; x_wconf 74' lang='lat' dir='ltr'>immigrasse,</span> <span class='ocrx_word' id='word_1_32' title='bbox 1581 532 1694 570; x_wconf 83' lang='lat' dir='ltr'>multa</span> 
     </span>
     <span class='ocr_line' id='line_1_5' title="bbox 388 592 1694 648; baseline -0.006 -13"><span class='ocrx_word' id='word_1_33' title='bbox 388 608 544 648; x_wconf 82' lang='lat' dir='ltr'>arguunt</span> <span class='ocrx_word' id='word_1_34' title='bbox 561 609 570 633; x_wconf 77' lang='grc' dir='ltr'><strong><em>ε</em></strong></span> <span class='ocrx_word' id='word_1_35' title='bbox 607 610 695 647; x_wconf 92' lang='lat' dir='ltr'>quos</span> <span class='ocrx_word' id='word_1_36' title='bbox 712 595 896 634; x_wconf 89' lang='lat' dir='ltr'>communi</span> <span class='ocrx_word' id='word_1_37' title='bbox 924 594 1042 645; x_wconf 87' lang='lat' dir='ltr'>gentis</span> <span class='ocrx_word' id='word_1_38' title='bbox 1059 594 1207 631; x_wconf 88' lang='lat' dir='ltr'>nomine</span> <span class='ocrx_word' id='word_1_39' title='bbox 1223 593 1326 630; x_wconf 91' lang='lat' dir='ltr'>fuisse</span> <span class='ocrx_word' id='word_1_40' title='bbox 1343 592 1615 642; x_wconf 82' lang='lat' dir='ltr'>comprehensos</span> <span class='ocrx_word' id='word_1_41' title='bbox 1633 603 1694 628; x_wconf 91' lang='lat' dir='ltr'>ne-</span> 
     </span>
     <span class='ocr_line' id='line_1_6' title="bbox 388 650 1695 701; baseline -0.005 -8"><span class='ocrx_word' id='word_1_42' title='bbox 388 670 450 694; x_wconf 87' lang='lat' dir='ltr'>mo</span> <span class='ocrx_word' id='word_1_43' title='bbox 471 655 674 700; x_wconf 69' lang='lat' dir='ltr'>mirabhur,</span> <span class='ocrx_word' id='word_1_44' title='bbox 694 666 731 692; x_wconf 88' lang='lat' dir='ltr'>ut</span> <span class='ocrx_word' id='word_1_45' title='bbox 751 664 869 691; x_wconf 86' lang='lat' dir='ltr'>tamen</span> <span class='ocrx_word' id='word_1_46' title='bbox 888 653 973 690; x_wconf 89' lang='lat' dir='ltr'>inde</span> <span class='ocrx_word' id='word_1_47' title='bbox 988 665 1052 689; x_wconf 88' lang='lat' dir='ltr'>nec</span> <span class='ocrx_word' id='word_1_48' title='bbox 1072 652 1266 689; x_wconf 86' lang='lat' dir='ltr'>contendat</span> <span class='ocrx_word' id='word_1_49' title='bbox 1285 651 1381 701; x_wconf 80' lang='lat' dir='ltr'>quiS,</span> <span class='ocrx_word' id='word_1_50' title='bbox 1409 650 1576 689; x_wconf 89' lang='lat' dir='ltr'>Etruscos</span> <span class='ocrx_word' id='word_1_51' title='bbox 1594 651 1695 688; x_wconf 80' lang='lat' dir='ltr'>fuiffe</span> 
     </span>
     <span class='ocr_line' id='line_1_7' title="bbox 390 709 1696 765; baseline -0.005 -13"><span class='ocrx_word' id='word_1_52' title='bbox 390 714 569 765; x_wconf 76' lang='lat' dir='ltr'>Pelasgos·</span> <span class='ocrx_word' id='word_1_53' title='bbox 627 715 742 751; x_wconf 68' lang='lat' dir='ltr'>Poeta</span> <span class='ocrx_word' id='word_1_54' title='bbox 769 723 888 750; x_wconf 83' lang='lat' dir='ltr'>tamen</span> <span class='ocrx_word' id='word_1_55' title='bbox 919 712 995 748; x_wconf 82' lang='lat' dir='ltr'>haec</span> <span class='ocrx_word' id='word_1_56' title='bbox 1026 711 1165 755; x_wconf 85' lang='lat' dir='ltr'>omnia,</span> <span class='ocrx_word' id='word_1_57' title='bbox 1196 711 1258 748; x_wconf 78' lang='lat' dir='ltr'>etsi</span> <span class='ocrx_word' id='word_1_58' title='bbox 1286 709 1466 747; x_wconf 72' lang='lat' dir='ltr'>subduffis</span> <span class='ocrx_word' id='word_1_59' title='bbox 1495 711 1696 748; x_wconf 85' lang='lat' dir='ltr'>accuratius</span> 
     </span>
     <span class='ocr_line' id='line_1_8' title="bbox 389 767 1695 821; baseline -0.005 -10"><span class='ocrx_word' id='word_1_60' title='bbox 389 773 545 811; x_wconf 85' lang='lat' dir='ltr'>historiae</span> <span class='ocrx_word' id='word_1_61' title='bbox 573 772 723 811; x_wconf 84' lang='lat' dir='ltr'>calculis</span> <span class='ocrx_word' id='word_1_62' title='bbox 751 773 844 809; x_wconf 69' lang='lat' dir='ltr'>reste</span> <span class='ocrx_word' id='word_1_63' title='bbox 871 770 1030 821; x_wconf 86' lang='lat' dir='ltr'>explosa,</span> <span class='ocrx_word' id='word_1_64' title='bbox 1063 770 1204 807; x_wconf 88' lang='lat' dir='ltr'>erudite</span> <span class='ocrx_word' id='word_1_65' title='bbox 1220 780 1255 807; x_wconf 92' lang='lat' dir='ltr'>et</span> <span class='ocrx_word' id='word_1_66' title='bbox 1284 769 1462 819; x_wconf 80' lang='lat' dir='ltr'>sapienter</span> <span class='ocrx_word' id='word_1_67' title='bbox 1480 767 1574 806; x_wconf 88' lang='lat' dir='ltr'>inter</span> <span class='ocrx_word' id='word_1_68' title='bbox 1591 781 1695 805; x_wconf 87' lang='lat' dir='ltr'>orna-</span> 
     </span>
     <span class='ocr_line' id='line_1_9' title="bbox 388 827 1698 881; baseline -0.004 -12"><span class='ocrx_word' id='word_1_69' title='bbox 388 843 509 870; x_wconf 88' lang='lat' dir='ltr'>menta</span> <span class='ocrx_word' id='word_1_70' title='bbox 526 833 696 871; x_wconf 85' lang='lat' dir='ltr'>carminis</span> <span class='ocrx_word' id='word_1_71' title='bbox 714 831 880 869; x_wconf 87' lang='lat' dir='ltr'>adscivit.</span> <span class='ocrx_word' id='word_1_72' title='bbox 934 830 1060 881; x_wconf 86' lang='lat' dir='ltr'>Itaque</span> <span class='ocrx_word' id='word_1_73' title='bbox 1077 829 1189 874; x_wconf 91' lang='lat' dir='ltr'>VIII,</span> <span class='ocrx_word' id='word_1_74' title='bbox 1210 841 1298 880; x_wconf 87' lang='lat'><strong>479.</strong></span> <span class='ocrx_word' id='word_1_75' title='bbox 1318 830 1392 877; x_wconf 90' lang='lat'>480</span> <span class='ocrx_word' id='word_1_76' title='bbox 1419 828 1464 865; x_wconf 88' lang='lat' dir='ltr'>de</span> <span class='ocrx_word' id='word_1_77' title='bbox 1485 828 1620 878; x_wconf 87' lang='lat' dir='ltr'><strong>Agylla</strong></span> <span class='ocrx_word' id='word_1_78' title='bbox 1638 827 1698 864; x_wconf 85' lang='lat' dir='ltr'>seu</span> 
     </span>
     <span class='ocr_line' id='line_1_10' title="bbox 388 889 1698 943; baseline -0.005 -14"><span class='ocrx_word' id='word_1_79' title='bbox 388 891 508 936; x_wconf 80' lang='lat' dir='ltr'>Caere,</span> <span class='ocrx_word' id='word_1_80' title='bbox 535 893 595 931; x_wconf 80' lang='lat' dir='ltr'>ubi</span> <span class='ocrx_word' id='word_1_81' title='bbox 609 894 717 943; x_wconf 78' lang='lat' dir='ltr'>Lydia</span> <span class='ocrx_word' id='word_1_82' title='bbox 734 893 895 943; x_wconf 82' lang='lat' dir='ltr'>quondam</span> <span class='ocrx_word' id='word_1_83' title='bbox 915 891 1005 927; x_wconf 76' lang='lat' dir='ltr'><em>Gens</em></span> <span class='ocrx_word' id='word_1_84' title='bbox 1023 889 1105 926; x_wconf 82' lang='lat' dir='ltr'>bello</span> <span class='ocrx_word' id='word_1_85' title='bbox 1121 889 1290 939; x_wconf 58' lang='lat' dir='ltr'>prceclara</span> <span class='ocrx_word' id='word_1_86' title='bbox 1296 890 1393 939; x_wconf 77' lang='lat' dir='ltr'>jugis</span> <span class='ocrx_word' id='word_1_87' title='bbox 1411 889 1525 938; x_wconf 73' lang='lat' dir='ltr'>infidit</span> <span class='ocrx_word' id='word_1_88' title='bbox 1543 889 1628 925; x_wconf 70' lang='lat' dir='ltr'>Etru</span> <span class='ocrx_word' id='word_1_89' title='bbox 1643 893 1698 923; x_wconf 83' lang='lat' dir='ltr'>cis·</span> 
     </span>
     <span class='ocr_line' id='line_1_11' title="bbox 389 945 1700 1003; baseline -0.005 -15"><span class='ocrx_word' id='word_1_90' title='bbox 389 951 467 997; x_wconf 84' lang='lat' dir='ltr'>IX,</span> <span class='ocrx_word' id='word_1_91' title='bbox 492 966 548 990; x_wconf 88' lang='lat'>11.</span> <span class='ocrx_word' id='word_1_92' title='bbox 580 952 636 996; x_wconf 89' lang='lat' dir='ltr'>X,</span> <span class='ocrx_word' id='word_1_93' title='bbox 661 964 728 1003; x_wconf 78' lang='lat'>155</span> <span class='ocrx_word' id='word_1_94' title='bbox 758 952 847 1001; x_wconf 76' lang='lat' dir='ltr'>Lydi</span> <span class='ocrx_word' id='word_1_95' title='bbox 869 963 934 1000; x_wconf 90' lang='lat' dir='ltr'>pro</span> <span class='ocrx_word' id='word_1_96' title='bbox 956 949 1140 993; x_wconf 87' lang='lat' dir='ltr'>Etruscis;</span> <span class='ocrx_word' id='word_1_97' title='bbox 1167 957 1202 984; x_wconf 88' lang='lat' dir='ltr'>et</span> <span class='ocrx_word' id='word_1_98' title='bbox 1217 948 1283 984; x_wconf 89' lang='lat' dir='ltr'>lib.</span> <span class='ocrx_word' id='word_1_99' title='bbox 1304 947 1356 990; x_wconf 88' lang='lat' dir='ltr'>II,</span> <span class='ocrx_word' id='word_1_100' title='bbox 1376 948 1444 997; x_wconf 78' lang='lat'>781</span> <span class='ocrx_word' id='word_1_101' title='bbox 1468 947 1589 997; x_wconf 80' lang='lat' dir='ltr'>Lydius</span> <span class='ocrx_word' id='word_1_102' title='bbox 1606 945 1700 996; x_wconf 61' lang='lat' dir='ltr'><em>‘sly-</em></span> 
     </span>
     <span class='ocr_line' id='line_1_12' title="bbox 393 1005 1700 1061; baseline -0.006 -12"><span class='ocrx_word' id='word_1_103' title='bbox 393 1011 462 1048; x_wconf 81' lang='lat' dir='ltr'>bris</span> <span class='ocrx_word' id='word_1_104' title='bbox 486 1025 507 1048; x_wconf 91' lang='lat' dir='ltr'>a</span> <span class='ocrx_word' id='word_1_105' title='bbox 532 1012 624 1049; x_wconf 88' lang='lat' dir='ltr'>duce</span> <span class='ocrx_word' id='word_1_106' title='bbox 642 1011 838 1061; x_wconf 85' lang='lat' dir='ltr'>Tyrrheno</span> <span class='ocrx_word' id='word_1_107' title='bbox 852 1023 871 1047; x_wconf 94' lang='lat' dir='ltr'>e</span> <span class='ocrx_word' id='word_1_108' title='bbox 890 1010 1075 1058; x_wconf 86' lang='lat' dir='ltr'>Lydorum</span> <span class='ocrx_word' id='word_1_109' title='bbox 1094 1018 1213 1059; x_wconf 86' lang='lat' dir='ltr'>gente.</span> <span class='ocrx_word' id='word_1_110' title='bbox 1269 1007 1315 1043; x_wconf 86' lang='lat' dir='ltr'>Et</span> <span class='ocrx_word' id='word_1_111' title='bbox 1345 1005 1517 1056; x_wconf 83' lang='lat' dir='ltr'>quoniam</span> <span class='ocrx_word' id='word_1_112' title='bbox 1538 1005 1700 1042; x_wconf 63' lang='lat' dir='ltr'>Maeones</span> 
     </span>
     <span class='ocr_line' id='line_1_13' title="bbox 392 1065 1701 1122; baseline -0.004 -16"><span class='ocrx_word' id='word_1_113' title='bbox 392 1081 525 1109; x_wconf 84' lang='lat' dir='ltr'>veteres</span> <span class='ocrx_word' id='word_1_114' title='bbox 555 1071 684 1122; x_wconf 79' lang='lat' dir='ltr'>Lydiae</span> <span class='ocrx_word' id='word_1_115' title='bbox 717 1069 842 1107; x_wconf 84' lang='lat' dir='ltr'>coloni</span> <span class='ocrx_word' id='word_1_116' title='bbox 878 1069 1040 1113; x_wconf 86' lang='lat' dir='ltr'>fuerunt,</span> <span class='ocrx_word' id='word_1_117' title='bbox 1074 1069 1158 1105; x_wconf 89' lang='lat' dir='ltr'>hinc</span> <span class='ocrx_word' id='word_1_118' title='bbox 1188 1065 1330 1104; x_wconf 86' lang='lat' dir='ltr'>Etrusci</span> <span class='ocrx_word' id='word_1_119' title='bbox 1364 1067 1519 1104; x_wconf 80' lang='lat' dir='ltr'>Maeonia</span> <span class='ocrx_word' id='word_1_120' title='bbox 1532 1068 1701 1116; x_wconf 57' lang='lat' dir='ltr'>jun-:entus</span> 
     </span>
     <span class='ocr_line' id='line_1_14' title="bbox 393 1128 908 1183; baseline 0 -18"><span class='ocrx_word' id='word_1_121' title='bbox 393 1128 508 1175; x_wconf 89' lang='lat' dir='ltr'>VIII,</span> <span class='ocrx_word' id='word_1_122' title='bbox 536 1144 626 1183; x_wconf 85' lang='lat'>499.</span> <span class='ocrx_word' id='word_1_123' title='bbox 654 1131 703 1168; x_wconf 90' lang='lat' dir='ltr'>cf.</span> <span class='ocrx_word' id='word_1_124' title='bbox 726 1129 802 1173; x_wconf 89' lang='lat' dir='ltr'>XI,</span> <span class='ocrx_word' id='word_1_125' title='bbox 821 1143 908 1180; x_wconf 76' lang='lat'>759.</span> 
     </span>
    </p>

    <p class='ocr_par' dir='ltr' id='par_1_3' title="bbox 393 1183 1724 2786">
     <span class='ocr_line' id='line_1_15' title="bbox 445 1183 1703 1249; baseline -0.005 -23"><span class='ocrx_word' id='word_1_126' title='bbox 445 1188 620 1228; x_wconf 77' lang='lat' dir='ltr'>‘Tarcontis</span> <span class='ocrx_word' id='word_1_127' title='bbox 636 1190 696 1227; x_wconf 88' lang='lat' dir='ltr'>seu</span> <span class='ocrx_word' id='word_1_128' title='bbox 715 1187 912 1226; x_wconf 42' lang='lat' dir='ltr'>Tarchonte</span> <span class='ocrx_word' id='word_1_129' title='bbox 938 1200 1087 1230; x_wconf 77' lang='lat' dir='ltr'>nornen,</span> <span class='ocrx_word' id='word_1_130' title='bbox 1116 1200 1188 1237; x_wconf 93' lang='lat' dir='ltr'>quo</span> <span class='ocrx_word' id='word_1_131' title='bbox 1196 1189 1317 1249; x_wconf 43' lang='lat' dir='ltr'>&#39;poeta</span> <span class='ocrx_word' id='word_1_132' title='bbox 1335 1185 1403 1225; x_wconf 81' lang='lat' dir='ltr'>inf.</span> <span class='ocrx_word' id='word_1_133' title='bbox 1424 1199 1459 1223; x_wconf 85' lang='lat' dir='ltr'>v.</span> <span class='ocrx_word' id='word_1_134' title='bbox 1480 1185 1552 1233; x_wconf 86' lang='lat'>603</span> <span class='ocrx_word' id='word_1_135' title='bbox 1582 1183 1703 1221; x_wconf 75' lang='lat' dir='ltr'>Lucu-</span> 
     </span>
     <span class='ocr_line' id='line_1_16' title="bbox 394 1240 1702 1310; baseline -0.006 -24"><span class='ocrx_word' id='word_1_136' title='bbox 394 1261 539 1287; x_wconf 87' lang='lat' dir='ltr'>monem</span> <span class='ocrx_word' id='word_1_137' title='bbox 560 1247 811 1299; x_wconf 80' lang='lat' dir='ltr'>Agyllaeorum</span> <span class='ocrx_word' id='word_1_138' title='bbox 831 1244 1023 1310; x_wconf 84' lang='lat' dir='ltr'>impertiit,</span> <span class='ocrx_word' id='word_1_139' title='bbox 1055 1258 1127 1281; x_wconf 86' lang='lat' dir='ltr'>non</span> <span class='ocrx_word' id='word_1_140' title='bbox 1157 1243 1275 1281; x_wconf 87' lang='lat' dir='ltr'>minus</span> <span class='ocrx_word' id='word_1_141' title='bbox 1306 1255 1350 1279; x_wconf 85' lang='lat' dir='ltr'>ex</span> <span class='ocrx_word' id='word_1_142' title='bbox 1381 1252 1497 1280; x_wconf 88' lang='lat' dir='ltr'>vetere</span> <span class='ocrx_word' id='word_1_143' title='bbox 1530 1240 1702 1279; x_wconf 77' lang='lat' dir='ltr'>memoria</span> 
     </span>
     <span class='ocr_line' id='line_1_17' title="bbox 393 1300 1702 1358; baseline -0.007 -13"><span class='ocrx_word' id='word_1_144' title='bbox 393 1307 583 1358; x_wconf 81' lang='lat' dir='ltr'>repetitum</span> <span class='ocrx_word' id='word_1_145' title='bbox 615 1307 675 1344; x_wconf 90' lang='lat' dir='ltr'>est.</span> <span class='ocrx_word' id='word_1_146' title='bbox 732 1303 816 1340; x_wconf 86' lang='lat' dir='ltr'>Fuit</span> <span class='ocrx_word' id='word_1_147' title='bbox 841 1304 940 1340; x_wconf 85' lang='lat' dir='ltr'>enim</span> <span class='ocrx_word' id='word_1_148' title='bbox 971 1302 1117 1338; x_wconf 86' lang='lat' dir='ltr'>Tarcon</span> <span class='ocrx_word' id='word_1_149' title='bbox 1147 1300 1293 1350; x_wconf 71' lang='lat' dir='ltr'>anquis,</span> <span class='ocrx_word' id='word_1_150' title='bbox 1319 1300 1382 1350; x_wconf 91' lang='lat' dir='ltr'>qui</span> <span class='ocrx_word' id='word_1_151' title='bbox 1411 1301 1636 1351; x_wconf 84' lang='lat' dir='ltr'>Tarquinios</span> <span class='ocrx_word' id='word_1_152' title='bbox 1662 1300 1702 1337; x_wconf 90' lang='lat' dir='ltr'>in</span> 
     </span>
     <span class='ocr_line' id='line_1_18' title="bbox 395 1358 1703 1409; baseline -0.006 -5"><span class='ocrx_word' id='word_1_153' title='bbox 395 1366 540 1405; x_wconf 81' lang='lat' dir='ltr'>Etruria</span> <span class='ocrx_word' id='word_1_154' title='bbox 560 1363 759 1402; x_wconf 83' lang='lat' dir='ltr'>condidisse</span> <span class='ocrx_word' id='word_1_155' title='bbox 777 1361 971 1400; x_wconf 83' lang='lat' dir='ltr'>ferebatur.</span> <span class='ocrx_word' id='word_1_156' title='bbox 1025 1361 1119 1397; x_wconf 91' lang='lat' dir='ltr'>Eum</span> <span class='ocrx_word' id='word_1_157' title='bbox 1138 1360 1254 1397; x_wconf 87' lang='lat' dir='ltr'>statim</span> <span class='ocrx_word' id='word_1_158' title='bbox 1274 1373 1358 1397; x_wconf 90' lang='lat' dir='ltr'>cum</span> <span class='ocrx_word' id='word_1_159' title='bbox 1378 1360 1569 1408; x_wconf 86' lang='lat' dir='ltr'>Tyrrheno</span> <span class='ocrx_word' id='word_1_160' title='bbox 1587 1374 1607 1397; x_wconf 88' lang='lat' dir='ltr'>e</span> <span class='ocrx_word' id='word_1_161' title='bbox 1626 1358 1703 1409; x_wconf 86' lang='lat' dir='ltr'>Ly-</span> 
     </span>
     <span class='ocr_line' id='line_1_19' title="bbox 394 1417 1724 1471; baseline -0.007 -7"><span class='ocrx_word' id='word_1_162' title='bbox 394 1425 486 1464; x_wconf 86' lang='lat' dir='ltr'>dia</span> <span class='ocrx_word' id='word_1_163' title='bbox 475 1438 515 1463; x_wconf 86' lang='lat' dir='ltr'>m</span> <span class='ocrx_word' id='word_1_164' title='bbox 531 1424 674 1462; x_wconf 89' lang='lat' dir='ltr'>Italiam</span> <span class='ocrx_word' id='word_1_165' title='bbox 690 1421 832 1466; x_wconf 79' lang='lat' dir='ltr'>veniffe,</span> <span class='ocrx_word' id='word_1_166' title='bbox 865 1421 995 1458; x_wconf 80' lang='lat' dir='ltr'>Strabo</span> <span class='ocrx_word' id='word_1_167' title='bbox 1013 1419 1189 1457; x_wconf 88' lang='lat' dir='ltr'>traditum</span> <span class='ocrx_word' id='word_1_168' title='bbox 1208 1430 1392 1470; x_wconf 85' lang='lat' dir='ltr'>acceperat</span> <span class='ocrx_word' id='word_1_169' title='bbox 1405 1420 1471 1457; x_wconf 86' lang='lat' dir='ltr'>ub</span> <span class='ocrx_word' id='word_1_170' title='bbox 1487 1419 1537 1456; x_wconf 90' lang='lat' dir='ltr'>V.</span> <span class='ocrx_word' id='word_1_171' title='bbox 1557 1434 1595 1471; x_wconf 90' lang='lat' dir='ltr'>p.</span> <span class='ocrx_word' id='word_1_172' title='bbox 1628 1433 1647 1468; x_wconf 82' lang='lat'>3</span> <span class='ocrx_word' id='word_1_173' title='bbox 1656 1417 1724 1469; x_wconf 55' lang='lat'>36⁴</span> 
     </span>
     <span class='ocr_line' id='line_1_20' title="bbox 396 1478 1706 1535; baseline -0.005 -13"><span class='ocrx_word' id='word_1_174' title='bbox 396 1487 450 1528; x_wconf 89' lang='lat' dir='ltr'>A,</span> <span class='ocrx_word' id='word_1_175' title='bbox 478 1484 659 1535; x_wconf 78' lang='lat' dir='ltr'>vulgoque</span> <span class='ocrx_word' id='word_1_176' title='bbox 679 1491 877 1524; x_wconf 85' lang='lat' dir='ltr'>narratum,</span> <span class='ocrx_word' id='word_1_177' title='bbox 905 1479 1007 1517; x_wconf 78' lang='lat' dir='ltr'>fuiffe</span> <span class='ocrx_word' id='word_1_178' title='bbox 1025 1492 1107 1516; x_wconf 88' lang='lat' dir='ltr'>eum</span> <span class='ocrx_word' id='word_1_179' title='bbox 1122 1492 1252 1517; x_wconf 87' lang='lat' dir='ltr'>canum</span> <span class='ocrx_word' id='word_1_180' title='bbox 1274 1491 1294 1514; x_wconf 86' lang='lat' dir='ltr'>a</span> <span class='ocrx_word' id='word_1_181' title='bbox 1319 1492 1454 1530; x_wconf 88' lang='lat' dir='ltr'>puero:</span> <span class='ocrx_word' id='word_1_182' title='bbox 1496 1492 1567 1530; x_wconf 82' lang='lat' dir='ltr'>qua</span> <span class='ocrx_word' id='word_1_183' title='bbox 1583 1478 1706 1516; x_wconf 82' lang='lat' dir='ltr'>fabula</span> 
     </span>
     <span class='ocr_line' id='line_1_21' title="bbox 394 1534 1706 1595; baseline -0.004 -15"><span class='ocrx_word' id='word_1_184' title='bbox 394 1544 467 1582; x_wconf 90' lang='lat' dir='ltr'>viri</span> <span class='ocrx_word' id='word_1_185' title='bbox 485 1542 696 1595; x_wconf 86' lang='lat' dir='ltr'>sapientiam</span> <span class='ocrx_word' id='word_1_186' title='bbox 713 1541 893 1578; x_wconf 86' lang='lat' dir='ltr'>declarare</span> <span class='ocrx_word' id='word_1_187' title='bbox 908 1540 1051 1577; x_wconf 87' lang='lat' dir='ltr'>voluere</span> <span class='ocrx_word' id='word_1_188' title='bbox 1062 1539 1238 1576; x_wconf 80' lang='lat' dir='ltr'>homines.</span> <span class='ocrx_word' id='word_1_189' title='bbox 1285 1539 1430 1590; x_wconf 88' lang='lat' dir='ltr'>Repetit</span> <span class='ocrx_word' id='word_1_190' title='bbox 1447 1553 1523 1576; x_wconf 88' lang='lat' dir='ltr'>eam</span> <span class='ocrx_word' id='word_1_191' title='bbox 1545 1534 1706 1577; x_wconf 85' lang='lat' dir='ltr'>Eustath.</span> 
     </span>
     <span class='ocr_line' id='line_1_22' title="bbox 396 1598 1706 1652; baseline -0.005 -10"><span class='ocrx_word' id='word_1_192' title='bbox 396 1604 444 1642; x_wconf 80' lang='lat' dir='ltr'>ad</span> <span class='ocrx_word' id='word_1_193' title='bbox 464 1603 621 1652; x_wconf 89' lang='lat' dir='ltr'>Dionys.</span> <span class='ocrx_word' id='word_1_194' title='bbox 640 1601 781 1651; x_wconf 87' lang='lat' dir='ltr'>Perieg.</span> <span class='ocrx_word' id='word_1_195' title='bbox 812 1613 902 1651; x_wconf 85' lang='lat'>347.</span> <span class='ocrx_word' id='word_1_196' title='bbox 929 1610 964 1635; x_wconf 88' lang='lat' dir='ltr'>et</span> <span class='ocrx_word' id='word_1_197' title='bbox 983 1600 1029 1636; x_wconf 90' lang='lat' dir='ltr'>ad</span> <span class='ocrx_word' id='word_1_198' title='bbox 1049 1598 1166 1637; x_wconf 89' lang='lat' dir='ltr'>Hom.</span> <span class='ocrx_word' id='word_1_199' title='bbox 1186 1598 1232 1635; x_wconf 92' lang='lat' dir='ltr'>Il.</span> <span class='ocrx_word' id='word_1_200' title='bbox 1251 1600 1288 1641; x_wconf 91' lang='lat'>(3.</span> <span class='ocrx_word' id='word_1_201' title='bbox 1316 1613 1353 1649; x_wconf 87' lang='lat' dir='ltr'>p.</span> <span class='ocrx_word' id='word_1_202' title='bbox 1388 1599 1474 1650; x_wconf 89' lang='lat'><strong>167,</strong></span> <span class='ocrx_word' id='word_1_203' title='bbox 1502 1611 1564 1647; x_wconf 83' lang='lat'>23.</span> <span class='ocrx_word' id='word_1_204' title='bbox 1619 1598 1706 1637; x_wconf 91' lang='lat' dir='ltr'>Dis-</span> 
     </span>
     <span class='ocr_line' id='line_1_23' title="bbox 395 1659 1708 1710; baseline -0.004 -7"><span class='ocrx_word' id='word_1_205' title='bbox 395 1665 496 1704; x_wconf 85' lang='lat' dir='ltr'>cedit</span> <span class='ocrx_word' id='word_1_206' title='bbox 514 1663 558 1701; x_wconf 86' lang='lat' dir='ltr'>ab</span> <span class='ocrx_word' id='word_1_207' title='bbox 572 1663 628 1700; x_wconf 87' lang='lat' dir='ltr'>his</span> <span class='ocrx_word' id='word_1_208' title='bbox 644 1662 768 1704; x_wconf 82' lang='lat' dir='ltr'>Silius,</span> <span class='ocrx_word' id='word_1_209' title='bbox 787 1660 852 1697; x_wconf 89' lang='lat' dir='ltr'>lib.</span> <span class='ocrx_word' id='word_1_210' title='bbox 866 1659 981 1705; x_wconf 89' lang='lat' dir='ltr'>VIII,</span> <span class='ocrx_word' id='word_1_211' title='bbox 1000 1673 1091 1710; x_wconf 88' lang='lat'>474,</span> <span class='ocrx_word' id='word_1_212' title='bbox 1109 1673 1130 1697; x_wconf 88' lang='lat' dir='ltr'>a</span> <span class='ocrx_word' id='word_1_213' title='bbox 1141 1673 1213 1709; x_wconf 90' lang='lat' dir='ltr'>quo</span> <span class='ocrx_word' id='word_1_214' title='bbox 1233 1661 1266 1696; x_wconf 92' lang='lat' dir='ltr'><em>C</em></span> <span class='ocrx_word' id='word_1_215' title='bbox 1267 1671 1378 1697; x_wconf 79' lang='lat' dir='ltr'>ortona</span> <span class='ocrx_word' id='word_1_216' title='bbox 1384 1659 1522 1710; x_wconf 76' lang='lat' dir='ltr'>superbi</span> <span class='ocrx_word' id='word_1_217' title='bbox 1533 1661 1708 1698; x_wconf 71' lang='lat' dir='ltr'>&lt;sarmatis</span> 
     </span>
     <span class='ocr_line' id='line_1_24' title="bbox 395 1719 1709 1771; baseline -0.005 -8"><span class='ocrx_word' id='word_1_218' title='bbox 395 1727 508 1763; x_wconf 85' lang='lat' dir='ltr'>domus</span> <span class='ocrx_word' id='word_1_219' title='bbox 535 1723 632 1761; x_wconf 83' lang='lat' dir='ltr'>edita</span> <span class='ocrx_word' id='word_1_220' title='bbox 651 1723 723 1765; x_wconf 81' lang='lat' dir='ltr'>est3</span> <span class='ocrx_word' id='word_1_221' title='bbox 752 1730 789 1758; x_wconf 87' lang='lat' dir='ltr'>et</span> <span class='ocrx_word' id='word_1_222' title='bbox 806 1721 1001 1758; x_wconf 88' lang='lat' dir='ltr'>secundum</span> <span class='ocrx_word' id='word_1_223' title='bbox 1020 1720 1124 1763; x_wconf 86' lang='lat' dir='ltr'>alios,</span> <span class='ocrx_word' id='word_1_224' title='bbox 1151 1733 1241 1770; x_wconf 85' lang='lat' dir='ltr'>quos</span> <span class='ocrx_word' id='word_1_225' title='bbox 1265 1720 1361 1757; x_wconf 80' lang='lat' dir='ltr'>Cato</span> <span class='ocrx_word' id='word_1_226' title='bbox 1379 1719 1514 1771; x_wconf 86' lang='lat' dir='ltr'>Origg.</span> <span class='ocrx_word' id='word_1_227' title='bbox 1549 1733 1560 1757; x_wconf 90' lang='lat'>1</span> <span class='ocrx_word' id='word_1_228' title='bbox 1586 1719 1709 1770; x_wconf 86' lang='lat' dir='ltr'>seque-</span> 
     </span>
     <span class='ocr_line' id='line_1_25' title="bbox 397 1778 1710 1833; baseline -0.003 -12"><span class='ocrx_word' id='word_1_229' title='bbox 397 1783 522 1826; x_wconf 86' lang='lat' dir='ltr'>batur,</span> <span class='ocrx_word' id='word_1_230' title='bbox 541 1782 636 1833; x_wconf 89' lang='lat' dir='ltr'>apud</span> <span class='ocrx_word' id='word_1_231' title='bbox 656 1781 822 1818; x_wconf 91' lang='lat' dir='ltr'>Servium</span> <span class='ocrx_word' id='word_1_232' title='bbox 841 1779 887 1816; x_wconf 84' lang='lat' dir='ltr'>ad</span> <span class='ocrx_word' id='word_1_233' title='bbox 902 1779 970 1816; x_wconf 89' lang='lat' dir='ltr'>lib.</span> <span class='ocrx_word' id='word_1_234' title='bbox 999 1778 1038 1815; x_wconf 95' lang='lat' dir='ltr'>X</span> <span class='ocrx_word' id='word_1_235' title='bbox 1058 1779 1144 1816; x_wconf 86' lang='lat' dir='ltr'>AEn.</span> <span class='ocrx_word' id='word_1_236' title='bbox 1178 1793 1247 1829; x_wconf 86' lang='lat'>179</span> <span class='ocrx_word' id='word_1_237' title='bbox 1276 1779 1442 1816; x_wconf 79' lang='lat' dir='ltr'>Pisarum</span> <span class='ocrx_word' id='word_1_238' title='bbox 1460 1780 1521 1816; x_wconf 79' lang='lat' dir='ltr'>ille</span> <span class='ocrx_word' id='word_1_239' title='bbox 1539 1779 1710 1818; x_wconf 86' lang='lat' dir='ltr'>conditor</span> 
     </span>
     <span class='ocr_line' id='line_1_26' title="bbox 398 1838 1709 1889; baseline -0.002 -9"><span class='ocrx_word' id='word_1_240' title='bbox 398 1842 542 1880; x_wconf 87' lang='lat' dir='ltr'>habitus</span> <span class='ocrx_word' id='word_1_241' title='bbox 560 1842 623 1884; x_wconf 86' lang='lat' dir='ltr'>est,</span> <span class='ocrx_word' id='word_1_242' title='bbox 651 1841 696 1877; x_wconf 87' lang='lat' dir='ltr'>ab</span> <span class='ocrx_word' id='word_1_243' title='bbox 714 1839 796 1877; x_wconf 88' lang='lat' dir='ltr'>aliis</span> <span class='ocrx_word' id='word_1_244' title='bbox 815 1839 978 1876; x_wconf 72' lang='lat' dir='ltr'>Mantuae</span> <span class='ocrx_word' id='word_1_245' title='bbox 994 1851 1051 1889; x_wconf 89' lang='lat' dir='ltr'>ap.</span> <span class='ocrx_word' id='word_1_246' title='bbox 1072 1838 1170 1875; x_wconf 87' lang='lat' dir='ltr'>Serv.</span> <span class='ocrx_word' id='word_1_247' title='bbox 1190 1838 1234 1875; x_wconf 85' lang='lat' dir='ltr'>ad</span> <span class='ocrx_word' id='word_1_248' title='bbox 1255 1838 1309 1881; x_wconf 90' lang='lat' dir='ltr'>X,</span> <span class='ocrx_word' id='word_1_249' title='bbox 1335 1840 1419 1888; x_wconf 82' lang='lat'>198,</span> <span class='ocrx_word' id='word_1_250' title='bbox 1439 1838 1569 1888; x_wconf 83' lang='lat' dir='ltr'>quibus</span> <span class='ocrx_word' id='word_1_251' title='bbox 1585 1838 1709 1878; x_wconf 78' lang='lat' dir='ltr'>saltem</span> 
     </span>
     <span class='ocr_line' id='line_1_27' title="bbox 397 1897 1710 1948; baseline -0.004 -8"><span class='ocrx_word' id='word_1_252' title='bbox 397 1902 470 1940; x_wconf 85' lang='lat' dir='ltr'>hoc</span> <span class='ocrx_word' id='word_1_253' title='bbox 496 1901 648 1943; x_wconf 87' lang='lat' dir='ltr'>constat,</span> <span class='ocrx_word' id='word_1_254' title='bbox 677 1898 778 1937; x_wconf 88' lang='lat' dir='ltr'>fuisse</span> <span class='ocrx_word' id='word_1_255' title='bbox 806 1898 1028 1934; x_wconf 86' lang='lat' dir='ltr'>Tarcontem</span> <span class='ocrx_word' id='word_1_256' title='bbox 1054 1897 1148 1933; x_wconf 88' lang='lat' dir='ltr'>inter</span> <span class='ocrx_word' id='word_1_257' title='bbox 1181 1898 1342 1934; x_wconf 62' lang='lat' dir='ltr'>aufflores</span> <span class='ocrx_word' id='word_1_258' title='bbox 1372 1897 1497 1948; x_wconf 88' lang='lat' dir='ltr'>populi</span> <span class='ocrx_word' id='word_1_259' title='bbox 1529 1897 1710 1942; x_wconf 89' lang='lat' dir='ltr'>habitum,</span> 
     </span>
     <span class='ocr_line' id='line_1_28' title="bbox 400 1956 1712 2011; baseline -0.002 -13"><span class='ocrx_word' id='word_1_260' title='bbox 400 1960 602 2011; x_wconf 89' lang='lat' dir='ltr'>multasque</span> <span class='ocrx_word' id='word_1_261' title='bbox 630 1959 678 1996; x_wconf 87' lang='lat' dir='ltr'>ad</span> <span class='ocrx_word' id='word_1_262' title='bbox 708 1972 791 1996; x_wconf 89' lang='lat' dir='ltr'>eum</span> <span class='ocrx_word' id='word_1_263' title='bbox 817 1956 921 1994; x_wconf 87' lang='lat' dir='ltr'>urbes</span> <span class='ocrx_word' id='word_1_264' title='bbox 938 1956 1120 2008; x_wconf 87' lang='lat' dir='ltr'>originem</span> <span class='ocrx_word' id='word_1_265' title='bbox 1140 1957 1303 1995; x_wconf 80' lang='lat' dir='ltr'>retuliss‘e.</span> <span class='ocrx_word' id='word_1_266' title='bbox 1358 1956 1479 1994; x_wconf 89' lang='lat' dir='ltr'>Aliter</span> <span class='ocrx_word' id='word_1_267' title='bbox 1496 1957 1638 2008; x_wconf 79' lang='lat' dir='ltr'>ornavit</span> <span class='ocrx_word' id='word_1_268' title='bbox 1656 1958 1712 1995; x_wconf 86' lang='lat' dir='ltr'>fa-</span> 
     </span>
     <span class='ocr_line' id='line_1_29' title="bbox 397 2014 1711 2069; baseline -0.004 -11"><span class='ocrx_word' id='word_1_269' title='bbox 397 2019 524 2058; x_wconf 88' lang='lat' dir='ltr'>bulam</span> <span class='ocrx_word' id='word_1_270' title='bbox 541 2017 761 2069; x_wconf 87' lang='lat' dir='ltr'>Lycophron</span> <span class='ocrx_word' id='word_1_271' title='bbox 779 2031 815 2054; x_wconf 89' lang='lat' dir='ltr'>v.</span> <span class='ocrx_word' id='word_1_272' title='bbox 840 2030 953 2067; x_wconf 78' lang='lat'>1245·</span> <span class='ocrx_word' id='word_1_273' title='bbox 976 2028 1088 2065; x_wconf 88' lang='lat'>1249,</span> <span class='ocrx_word' id='word_1_274' title='bbox 1116 2014 1195 2059; x_wconf 88' lang='lat' dir='ltr'>ubi,</span> <span class='ocrx_word' id='word_1_275' title='bbox 1223 2025 1349 2065; x_wconf 81' lang='lat' dir='ltr'>praeter</span> <span class='ocrx_word' id='word_1_276' title='bbox 1361 2014 1537 2065; x_wconf 75' lang='lat' dir='ltr'>Ulyssem,</span> <span class='ocrx_word' id='word_1_277' title='bbox 1556 2014 1711 2054; x_wconf 75' lang='lat' dir='ltr'>Tarchon</span> 
     </span>
     <span class='ocr_line' id='line_1_30' title="bbox 400 2074 1712 2131; baseline -0.005 -13"><span class='ocrx_word' id='word_1_278' title='bbox 400 2089 437 2117; x_wconf 89' lang='lat' dir='ltr'>et</span> <span class='ocrx_word' id='word_1_279' title='bbox 466 2079 674 2131; x_wconf 69' lang='lat' dir='ltr'>Tyrrhenus,</span> <span class='ocrx_word' id='word_1_280' title='bbox 701 2075 856 2126; x_wconf 89' lang='lat' dir='ltr'>Telephi</span> <span class='ocrx_word' id='word_1_281' title='bbox 886 2075 1078 2124; x_wconf 86' lang='lat' dir='ltr'>Mysorum</span> <span class='ocrx_word' id='word_1_282' title='bbox 1096 2074 1190 2125; x_wconf 88' lang='lat' dir='ltr'>regis</span> <span class='ocrx_word' id='word_1_283' title='bbox 1214 2075 1297 2119; x_wconf 83' lang='lat' dir='ltr'>filii,</span> <span class='ocrx_word' id='word_1_284' title='bbox 1324 2085 1517 2112; x_wconf 86' lang='lat' dir='ltr'>occurrunt</span> <span class='ocrx_word' id='word_1_285' title='bbox 1535 2075 1682 2113; x_wconf 83' lang='lat' dir='ltr'>AEneae&#39;</span> <span class='ocrx_word' id='word_1_286' title='bbox 1672 2088 1712 2112; x_wconf 85' lang='lat' dir='ltr'>m</span> 
     </span>
     <span class='ocr_line' id='line_1_31' title="bbox 398 2133 1710 2186; baseline -0.004 -10"><span class='ocrx_word' id='word_1_287' title='bbox 398 2139 508 2176; x_wconf 79' lang='lat' dir='ltr'>Italia</span> <span class='ocrx_word' id='word_1_288' title='bbox 526 2137 801 2186; x_wconf 84' lang='lat' dir='ltr'>societatemque</span> <span class='ocrx_word' id='word_1_289' title='bbox 818 2148 900 2172; x_wconf 88' lang='lat' dir='ltr'>cum</span> <span class='ocrx_word' id='word_1_290' title='bbox 917 2148 960 2172; x_wconf 86' lang='lat' dir='ltr'>eo</span> <span class='ocrx_word' id='word_1_291' title='bbox 974 2135 1136 2184; x_wconf 87' lang='lat' dir='ltr'>jungunt</span> <span class='ocrx_word' id='word_1_292' title='bbox 1166 2133 1246 2183; x_wconf 89' lang='lat' dir='ltr'>(qui</span> <span class='ocrx_word' id='word_1_293' title='bbox 1266 2133 1319 2171; x_wconf 84' lang='lat' dir='ltr'>ibi</span> <span class='ocrx_word' id='word_1_294' title='bbox 1340 2143 1560 2171; x_wconf 86' lang='lat' dir='ltr'>memoratur</span> <span class='ocrx_word' id='word_1_295' title='bbox 1585 2135 1710 2185; x_wconf 66' lang='grc' dir='ltr'>οἷκεξὸε</span> 
     </span>
     <span class='ocr_line' id='line_1_32' title="bbox 400 2192 1712 2243; baseline -0.003 -9"><span class='ocrx_word' id='word_1_296' title='bbox 400 2197 516 2236; x_wconf 56' lang='lat' dir='ltr'>&amp;gamag</span> <span class='ocrx_word' id='word_1_297' title='bbox 554 2195 718 2234; x_wconf 88' lang='lat' dir='ltr'>Achilles</span> <span class='ocrx_word' id='word_1_298' title='bbox 750 2195 815 2232; x_wconf 82' lang='lat' dir='ltr'>effe</span> <span class='ocrx_word' id='word_1_299' title='bbox 846 2193 1005 2236; x_wconf 83' lang='lat' dir='ltr'>videtur,</span> <span class='ocrx_word' id='word_1_300' title='bbox 1044 2193 1109 2243; x_wconf 87' lang='lat' dir='ltr'>qui</span> <span class='ocrx_word' id='word_1_301' title='bbox 1137 2192 1344 2243; x_wconf 84' lang='lat' dir='ltr'>Telephum</span> <span class='ocrx_word' id='word_1_302' title='bbox 1371 2192 1595 2238; x_wconf 82' lang='lat' dir='ltr'>vulneravit3</span> <span class='ocrx_word' id='word_1_303' title='bbox 1639 2207 1712 2231; x_wconf 89' lang='lat' dir='ltr'>non</span> 
     </span>
     <span class='ocr_line' id='line_1_33' title="bbox 399 2251 1712 2303; baseline -0.004 -8"><span class='ocrx_word' id='word_1_304' title='bbox 399 2257 594 2302; x_wconf 80' lang='lat' dir='ltr'>Bacchus).</span> <span class='ocrx_word' id='word_1_305' title='bbox 645 2254 764 2292; x_wconf 87' lang='lat' dir='ltr'>Totus</span> <span class='ocrx_word' id='word_1_306' title='bbox 782 2252 843 2290; x_wconf 85' lang='lat' dir='ltr'>ille</span> <span class='ocrx_word' id='word_1_307' title='bbox 861 2253 961 2290; x_wconf 89' lang='lat' dir='ltr'>locus</span> <span class='ocrx_word' id='word_1_308' title='bbox 981 2265 1001 2288; x_wconf 91' lang='lat' dir='ltr'>a</span> <span class='ocrx_word' id='word_1_309' title='bbox 1020 2266 1055 2289; x_wconf 91' lang='lat' dir='ltr'>v.</span> <span class='ocrx_word' id='word_1_310' title='bbox 1094 2265 1190 2303; x_wconf 82' lang='lat'>1239</span> <span class='ocrx_word' id='word_1_311' title='bbox 1210 2251 1454 2289; x_wconf 81' lang='lat' dir='ltr'>memorabilis</span> <span class='ocrx_word' id='word_1_312' title='bbox 1468 2252 1514 2288; x_wconf 90' lang='lat' dir='ltr'>est</span> <span class='ocrx_word' id='word_1_313' title='bbox 1531 2252 1576 2288; x_wconf 87' lang='lat' dir='ltr'>ad</span> <span class='ocrx_word' id='word_1_314' title='bbox 1594 2252 1712 2291; x_wconf 82' lang='lat' dir='ltr'>deela-</span> 
     </span>
     <span class='ocr_line' id='line_1_34' title="bbox 402 2310 1711 2355; baseline -0.004 0"><span class='ocrx_word' id='word_1_315' title='bbox 402 2317 529 2355; x_wconf 85' lang='lat' dir='ltr'>randas</span> <span class='ocrx_word' id='word_1_316' title='bbox 544 2324 703 2353; x_wconf 87' lang='lat' dir='ltr'>veterum</span> <span class='ocrx_word' id='word_1_317' title='bbox 722 2314 938 2350; x_wconf 85' lang='lat' dir='ltr'>Graecorum</span> <span class='ocrx_word' id='word_1_318' title='bbox 957 2313 1003 2349; x_wconf 88' lang='lat' dir='ltr'>de</span> <span class='ocrx_word' id='word_1_319' title='bbox 1016 2311 1073 2349; x_wconf 85' lang='lat' dir='ltr'>his</span> <span class='ocrx_word' id='word_1_320' title='bbox 1093 2312 1183 2349; x_wconf 74' lang='lat' dir='ltr'>locis</span> <span class='ocrx_word' id='word_1_321' title='bbox 1204 2311 1351 2349; x_wconf 87' lang='lat' dir='ltr'>notitias</span> <span class='ocrx_word' id='word_1_322' title='bbox 1367 2324 1376 2348; x_wconf 87' lang='lat'>:</span> <span class='ocrx_word' id='word_1_323' title='bbox 1407 2310 1546 2348; x_wconf 89' lang='lat' dir='ltr'>dicitur</span> <span class='ocrx_word' id='word_1_324' title='bbox 1561 2312 1711 2350; x_wconf 86' lang='lat' dir='ltr'>AEneam</span> 
     </span>
     <span class='ocr_line' id='line_1_35' title="bbox 402 2371 1713 2425; baseline -0.004 -8"><span class='ocrx_word' id='word_1_325' title='bbox 402 2389 570 2418; x_wconf 80' lang='lat' dir='ltr'>erronem</span> <span class='ocrx_word' id='word_1_326' title='bbox 595 2374 766 2425; x_wconf 82' lang='lat' dir='ltr'>excepiffe</span> <span class='ocrx_word' id='word_1_327' title='bbox 796 2372 1018 2423; x_wconf 85' lang='lat' dir='ltr'>Tyrrhenia,</span> <span class='ocrx_word' id='word_1_328' title='bbox 1053 2386 1126 2422; x_wconf 92' lang='lat' dir='ltr'>quo</span> <span class='ocrx_word' id='word_1_329' title='bbox 1146 2371 1293 2409; x_wconf 87' lang='lat' dir='ltr'>nornine</span> <span class='ocrx_word' id='word_1_330' title='bbox 1323 2376 1431 2423; x_wconf 77' lang='lat' dir='ltr'>po&#39;eta</span> <span class='ocrx_word' id='word_1_331' title='bbox 1449 2372 1542 2409; x_wconf 88' lang='lat' dir='ltr'>bene</span> <span class='ocrx_word' id='word_1_332' title='bbox 1569 2372 1713 2412; x_wconf 84' lang='lat' dir='ltr'>Italiam</span> 
     </span>
     <span class='ocr_line' id='line_1_36' title="bbox 403 2430 1714 2485; baseline -0.006 -8"><span class='ocrx_word' id='word_1_333' title='bbox 403 2437 554 2477; x_wconf 89' lang='lat' dir='ltr'>omnino</span> <span class='ocrx_word' id='word_1_334' title='bbox 567 2444 603 2472; x_wconf 88' lang='lat' dir='ltr'>et</span> <span class='ocrx_word' id='word_1_335' title='bbox 620 2434 788 2485; x_wconf 86' lang='lat' dir='ltr'>inprimis</span> <span class='ocrx_word' id='word_1_336' title='bbox 805 2434 885 2470; x_wconf 85' lang='lat' dir='ltr'>loca</span> <span class='ocrx_word' id='word_1_337' title='bbox 900 2433 945 2469; x_wconf 89' lang='lat' dir='ltr'>ad</span> <span class='ocrx_word' id='word_1_338' title='bbox 961 2432 1131 2470; x_wconf 89' lang='lat' dir='ltr'>Tiberim</span> <span class='ocrx_word' id='word_1_339' title='bbox 1148 2432 1329 2469; x_wconf 84' lang='lat' dir='ltr'>declarare</span> <span class='ocrx_word' id='word_1_340' title='bbox 1343 2430 1480 2482; x_wconf 90' lang='lat' dir='ltr'>potuit,</span> <span class='ocrx_word' id='word_1_341' title='bbox 1496 2430 1571 2475; x_wconf 88' lang='lat' dir='ltr'>sed,</span> <span class='ocrx_word' id='word_1_342' title='bbox 1595 2432 1714 2469; x_wconf 90' lang='lat' dir='ltr'>nomi-</span> 
     </span>
     <span class='ocr_line' id='line_1_37' title="bbox 404 2490 1715 2544; baseline -0.004 -10"><span class='ocrx_word' id='word_1_343' title='bbox 404 2510 450 2536; x_wconf 88' lang='lat' dir='ltr'>ne</span> <span class='ocrx_word' id='word_1_344' title='bbox 474 2493 689 2544; x_wconf 84' lang='lat' dir='ltr'>Tyrrheniae</span> <span class='ocrx_word' id='word_1_345' title='bbox 708 2494 765 2530; x_wconf 85' lang='lat' dir='ltr'>seu</span> <span class='ocrx_word' id='word_1_346' title='bbox 785 2493 941 2530; x_wconf 84' lang='lat' dir='ltr'>Etruriae</span> <span class='ocrx_word' id='word_1_347' title='bbox 967 2492 1071 2529; x_wconf 86' lang='lat' dir='ltr'>semel</span> <span class='ocrx_word' id='word_1_348' title='bbox 1089 2491 1217 2542; x_wconf 81' lang='lat' dir='ltr'>posito,</span> <span class='ocrx_word' id='word_1_349' title='bbox 1245 2491 1314 2529; x_wconf 76' lang='lat' dir='ltr'>alia</span> <span class='ocrx_word' id='word_1_350' title='bbox 1335 2492 1418 2528; x_wconf 91' lang='lat' dir='ltr'>loca</span> <span class='ocrx_word' id='word_1_351' title='bbox 1435 2490 1510 2540; x_wconf 89' lang='lat' dir='ltr'>ejus</span> <span class='ocrx_word' id='word_1_352' title='bbox 1530 2491 1715 2529; x_wconf 86' lang='lat' dir='ltr'>maritima</span> 
     </span>
     <span class='ocr_line' id='line_1_38' title="bbox 403 2549 1716 2604; baseline -0.004 -10"><span class='ocrx_word' id='word_1_353' title='bbox 403 2555 574 2598; x_wconf 83' lang='lat' dir='ltr'>recenset,</span> <span class='ocrx_word' id='word_1_354' title='bbox 601 2554 763 2604; x_wconf 81' lang='lat' dir='ltr'>Lynceum</span> <span class='ocrx_word' id='word_1_355' title='bbox 790 2552 956 2596; x_wconf 89' lang='lat' dir='ltr'>fluvium,</span> <span class='ocrx_word' id='word_1_356' title='bbox 985 2552 1097 2602; x_wconf 71' lang='lat' dir='ltr'>Pffam</span> <span class='ocrx_word' id='word_1_357' title='bbox 1124 2561 1154 2588; x_wconf 84' lang='lat' dir='ltr'>et</span> <span class='ocrx_word' id='word_1_358' title='bbox 1171 2551 1349 2604; x_wconf 83' lang='lat' dir='ltr'>Agyllam.</span> <span class='ocrx_word' id='word_1_359' title='bbox 1404 2550 1501 2586; x_wconf 92' lang='lat' dir='ltr'>Cum</span> <span class='ocrx_word' id='word_1_360' title='bbox 1529 2549 1716 2599; x_wconf 88' lang='lat' dir='ltr'>Lynceum</span> 
     </span>
     <span class='ocr_line' id='line_1_39' title="bbox 404 2610 1716 2664; baseline -0.005 -11"><span class='ocrx_word' id='word_1_361' title='bbox 404 2617 530 2656; x_wconf 79' lang='lat' dir='ltr'>calidas</span> <span class='ocrx_word' id='word_1_362' title='bbox 548 2629 653 2664; x_wconf 80' lang='lat' dir='ltr'>aquas</span> <span class='ocrx_word' id='word_1_363' title='bbox 671 2611 809 2650; x_wconf 78' lang='lat' dir='ltr'>ebullire</span> <span class='ocrx_word' id='word_1_364' title='bbox 827 2611 941 2655; x_wconf 88' lang='lat' dir='ltr'>dieat,</span> <span class='ocrx_word' id='word_1_365' title='bbox 960 2611 1156 2648; x_wconf 86' lang='lat' dir='ltr'>Cluverius</span> <span class='ocrx_word' id='word_1_366' title='bbox 1170 2610 1253 2648; x_wconf 91' lang='lat' dir='ltr'>Ital.</span> <span class='ocrx_word' id='word_1_367' title='bbox 1274 2618 1348 2647; x_wconf 82' lang='lat' dir='ltr'>ant.</span> <span class='ocrx_word' id='word_1_368' title='bbox 1368 2622 1452 2660; x_wconf 86' lang='lat' dir='ltr'>pag.</span> <span class='ocrx_word' id='word_1_369' title='bbox 1472 2621 1546 2660; x_wconf 90' lang='lat'>472</span> <span class='ocrx_word' id='word_1_370' title='bbox 1566 2622 1716 2660; x_wconf 85' lang='lat' dir='ltr'>parvum</span> 
     </span>
     <span class='ocr_line' id='line_1_40' title="bbox 406 2669 1716 2719; baseline -0.003 -7"><span class='ocrx_word' id='word_1_371' title='bbox 406 2687 545 2714; x_wconf 84' lang='lat' dir='ltr'>amnem</span> <span class='ocrx_word' id='word_1_372' title='bbox 564 2684 657 2708; x_wconf 88' lang='lat' dir='ltr'>nunc</span> <span class='ocrx_word' id='word_1_373' title='bbox 682 2671 808 2708; x_wconf 87' lang='lat' dir='ltr'>Cornia</span> <span class='ocrx_word' id='word_1_374' title='bbox 835 2669 972 2707; x_wconf 61' lang='lat' dir='ltr'>dietum</span> <span class='ocrx_word' id='word_1_375' title='bbox 991 2670 1037 2706; x_wconf 89' lang='lat' dir='ltr'>ad</span> <span class='ocrx_word' id='word_1_376' title='bbox 1056 2669 1290 2713; x_wconf 84' lang='lat' dir='ltr'>Vetulonios,</span> <span class='ocrx_word' id='word_1_377' title='bbox 1317 2669 1411 2705; x_wconf 89' lang='lat' dir='ltr'>ultra</span> <span class='ocrx_word' id='word_1_378' title='bbox 1428 2669 1716 2719; x_wconf 89' lang='lat' dir='ltr'>promontorium</span> 
     </span>
     <span class='ocr_line' id='line_1_41' title="bbox 407 2727 1714 2786; baseline -0.005 -13"><span class='ocrx_word' id='word_1_379' title='bbox 407 2731 663 2786; x_wconf 84' lang='lat' dir='ltr'>Populonium,</span> <span class='ocrx_word' id='word_1_380' title='bbox 678 2729 915 2783; x_wconf 80' lang='lat' dir='ltr'>probabiliter</span> <span class='ocrx_word' id='word_1_381' title='bbox 931 2728 1186 2780; x_wconf 85' lang='lat' dir='ltr'>interpretatur</span> <span class='ocrx_word' id='word_1_382' title='bbox 1200 2728 1403 2780; x_wconf 86' lang='lat' dir='ltr'>Lynceum,</span> <span class='ocrx_word' id='word_1_383' title='bbox 1421 2727 1714 2780; x_wconf 84' lang='lat' dir='ltr'>quandoquidem</span> 
     </span>
    </p>
   </div>
   <div class='ocr_carea' id='block_1_3' title="bbox 922 2789 1717 2829">
    <p class='ocr_par' dir='ltr' id='par_1_4' title="bbox 922 2789 1717 2829">
     <span class='ocr_line' id='line_1_42' title="bbox 922 2789 1717 2829; baseline -0.003 0"><span class='ocrx_word' id='word_1_384' title='bbox 922 2792 948 2829; x_wconf 80' lang='lat'>6</span> <span class='ocrx_word' id='word_1_385' title='bbox 1654 2789 1717 2829; x_wconf 82' lang='lat' dir='ltr'>ille</span> 
     </span>
    </p>
   </div>
  </div>
 </body>
</html>
