1847 3313
368 227 780 286 AENEIDOS,
849 225 1000 273 ΜΒ.
1048 224 1113 272 Χ.
1297 237 1388 285 453

85 366 185 414 Aut
208 364 427 428 Phrygiae
449 377 643 425 campos
662 379 671 407 :
709 374 833 407 nunc
856 357 969 405 belli
994 355 1100 404 finis
1125 366 1170 401 et
1188 353 1278 400 aevi

82 453 181 501 His
204 454 394 501 dabitur
415 452 566 500 terris.
635 449 816 496 Vesano
838 447 949 494 talia
968 446 1061 492 late

82 543 225 590 Dicta
247 542 407 589 volant
428 539 619 605 Ligeri:
655 538 732 585 sed
755 554 850 583 non
876 549 921 582 et
946 534 1118 581 Tro'ius
1142 532 1276 577 heros

82 635 226 683 Dicta
238 646 372 697 parat
382 645 547 680 contra
559 654 571 685 ;
586 629 803 694 jaculum
813 644 924 673 nam
938 634 1121 686 torquet
1131 622 1177 668 in
1192 619 1390 669 hostem,

87 728 305 789 Lucagus
329 738 380 772 ut
402 739 578 788 pronus
601 721 808 785 pendens
834 720 883 766 in
905 718 1096 764 verbera
1118 714 1216 761 telo
1301 707 1391 772 586

86 815 357 864 Admonuit
379 814 566 879 bijugos
586 830 596 858 ε
631 811 843 875 Ρῑοῇεξὶο
865 807 987 857 dum'
1005 807 1124 870 pede
1146 807 1267 851 laevo

85 905 237 968 Aptat
261 904 305 950 se
329 918 534 966 pugnae:
570 899 696 946 subit
716 916 819 946 oras
844 900 969 946 hasta
988 913 1071 960 per
1095 897 1213 942 imas

86 994 334 1059 Fulgentis
357 992 518 1057 clipei,
540 1003 644 1038 tum
670 991 848 1036 laevum
872 988 1082 1051 perforat
1105 987 1276 1048 inguen
1295 1009 1306 1039 ;

1301 1090 1393 1141 590

84 1085 314 1135 Excuffus
337 1100 475 1131 curru
500 1081 810 1128 moribundus
828 1079 1036 1125 volvitur
1057 1077 1193 1124 arvis,

92 1217 222 1261 legitur.
268 1231 316 1250 nec
332 1230 355 1250 c.
381 1215 493 1248 Heins.
514 1225 586 1246 cum
602 1221 691 1256 parte
707 1212 797 1244 codd.
822 1219 853 1243 et
866 1211 936 1242 edd.
982 1209 1046 1240 Alii
1064 1222 1113 1240 non
1129 1220 1172 1246 c.;
1196 1216 1264 1238 tum
1281 1219 1394 1238 currum

89 1279 201 1308 omnes
215 1268 327 1299 Heius.
344 1277 417 1298 cum
434 1265 553 1296 Medic.
570 1273 600 1295 et
616 1264 736 1304 aliquot
750 1263 846 1299 Pier.‚
864 1262 900 1293 it.
915 1261 996 1291 binis
1014 1260 1113 1290 Goth.
1156 1259 1267 1290 Achis'li
1283 1257 1393 1290 Heius.

84 1329 103 1350 e
120 1322 253 1361 Menag.
271 1330 318 1361 pr.
343 1325 375 1349 et
393 1320 512 1349 Moret.
535 1327 604 1358 pr.;
627 1316 706 1346 adde
722 1314 813 1345 Leid.
832 1322 862 1344 et
881 1313 980 1344 Goth.
1005 1319 1096 1347 tert.‚
1119 1318 1229 1351 utpote
1255 1309 1391 1342 dociius.

172 1370 247 1410 582.
269 1371 409 1412 Phrygios
426 1377 533 1410 campos
551 1366 651 1398 Goth.
667 1366 755 1396 alter.
845 1364 920 1403 583.
944 1365 997 1394 His
1013 1363 1042 1392 d.
1066 1362 1124 1392 telis
1140 1360 1268 1391 Dorvill
1283 1384 1290 1398 ,
1306 1361 1395 1401 atqui

85 1433 161 1464 opp.
203 1422 346 1464 Phrygia>
373 1428 491 1462 campos.
540 1417 640 1461 Vcsani
665 1416 766 1447 Goth.
789 1422 863 1445 tert.
951 1414 1025 1452 585.
1043 1414 1124 1455 parit
1141 1412 1231 1442 Leid.
1250 1423 1308 1453 pro
1326 1422 1393 1441 var.

85 1473 159 1505 leec.
208 1473 305 1514 Qod
330 1471 458 1502 Servius
487 1469 603 1499 habet:
644 1473 663 1487 “
683 1467 783 1509 potest
811 1466 898 1507 legi:
937 1466 1044 1496 Ediaa
1062 1472 1153 1506 parat
1177 1463 1304 1500 contra,''
1331 1463 1395 1494 huc

85 1524 226 1567 speciae
236 1530 326 1564 pute,
339 1521 424 1563 quod
435 1520 488 1552 alii
504 1519 756 1561 intepungebant
767 1518 931 1560 postparat
945 1530 955 1547 .·
980 1526 1053 1546 nam
1065 1516 1154 1545 edifm
1170 1514 1317 1546 vitiosum
1336 1514 1390 1545 est.

77 1575 144 1617 jam
160 1583 269 1618 torquet
292 1573 372 1604 alter
388 1571 506 1604 Hamb.
522 1579 554 1602 et
569 1570 708 1602 Dorvill.
725 1582 742 1601 a
759 1581 803 1601 m.
822 1569 879 1600 sec.
915 1566 1071 1610 contorquet
1088 1566 1221 1596 Oudart.
1265 1570 1292 1598 in
1312 1567 1396 1609 hostes

85 1627 230 1669 plerique
264 1624 347 1656 Pier.
384 1631 415 1654 et
437 1623 578 1665 potiores
600 1621 712 1653 Heins.
746 1621 848 1662 sicque
881 1619 985 1649 Heius.
1030 1615 1207 1658 expreffum
1238 1613 1392 1648 dederat}

88 1677 175 1719 quod
199 1675 294 1707 tacite
321 1685 338 1704 a
364 1675 475 1703 Burm.
497 1679 680 1703 mutatum:
715 1681 772 1701 nec
797 1668 890 1700 male.
980 1666 1055 1706 586.
1076 1675 1162 1708 prono
1178 1675 1213 1708 p.
1237 1669 1264 1698 in
1280 1681 1313 1697 v.
1344 1668 1395 1697 tela

91 1727 268 1760 Arusianus
294 1723 448 1755 Meffius:
473 1723 559 1765 quod
583 1721 699 1752 merito
729 1720 832 1762 placet
860 1717 1008 1749 Heinfio:
1033 1716 1130 1747 modo
1149 1716 1239 1748 codd.
1270 1717 1395 1748 addice-

85 1789 170 1813 rent.
216 1782 244 1811 in
271 1778 391 1809 verbere
405 1776 461 1818 fhlo
478 1774 636 1806 Montalb.
683 1776 820 1815 Lucagus
836 1781 867 1802 at
887 1779 992 1813 prauus
1013 1770 1134 1811 pendent
1152 1771 1178 1799 in
1206 1771 1324 1801 verbere
1339 1771 1394 1801 tesa

86 1838 235 1873 corrupte
263 1827 328 1859 Erf.
419 1826 494 1865 587.
519 1827 682 1857 Ammonuit
702 1823 805 1866 bijugis
821 1823 907 1852 idem
924 1820 1107 1851 Arusianus.
1155 1819 1262 1861 bijuges
1290 1820 1390 1851 Goth.

85 1883 157 1921 sec„
182 1890 253 1913 tum
269 1878 387 1920 trajefto
412 1877 543 1914 Medicu
567 1876 620 1907 sed
630 1875 753 1919 projeflo
769 1875 841 1917 pede
863 1873 949 1903 recle
973 1872 1004 1901 in
1023 1872 1102 1902 statu
1119 1872 1292 1912 pugnandi.
1341 1873 1394 1903 Ad

87 1934 249 1966 fastidium
266 1929 434 1963 illustravit
462 1928 621 1960 Heinsius.
651 1927 690 1957 cf.
715 1925 859 1957 Macrob.
884 1926 941 1962 VI,
967 1934 999 1960 4,
1024 1934 1055 1964 p.
1081 1922 1146 1964 596
1164 1924 1201 1953 ed
1218 1923 1394 1964 Lips.—--

85 1984 162 2025 588.
186 1985 278 2027 Aptet
293 1982 356 2013 duo
372 1980 480 2011 Heius.
516 1979 573 2024 sub
599 1981 666 2010 imas
690 1978 749 2009 sec.
780 1979 1062 2016 Morct.———5‹)0.
1086 1975 1169 2005 volv,
1197 1988 1295 2018 agmen
1326 1979 1394 2007 Mc-

84 2036 162 2069 diol.
178 2036 237 2066 Ed.

85 2129 134 2166 est
150 2128 279 2165 AEneas
297 2138 379 2163 cum
399 2123 579 2161 Diomede
597 2122 706 2161 Iliad.

87 2199 116 2223 ε,
163 2192 248 2228 217.
293 2191 363 2228 273
411 2176 505 2226 sqq„
549 2185 584 2212 et
624 2188 706 2211 curn

89 2230 236 2268 Achille
256 2228 362 2265 Iliad.
381 2245 413 2271 v,
443 2239 490 2278 79
509 2225 587 2276 sqq.
634 2226 707 2263 Sed

88 2281 246 2320 neutrius
270 2287 400 2330 pugnae
427 2278 546 2315 exitus
577 2277 710 2321 isfuit,

88 2344 128 2371 ut
161 2336 270 2384 po'elta
301 2343 384 2367 eum
423 2330 485 2366 hic
524 2328 711 2378 respexisse

86 2384 202 2423 videri
239 2382 354 2434 poflit.
422 2382 550 2430 Itaque
584 2379 705 2415 Cerda

86 2438 134 2475 est
152 2434 368 2478 audiendus,
401 2432 464 2482 qui
495 2430 706 2468 sententiam

86 2501 131 2525 eo
148 2486 285 2530 retulit,
320 2495 359 2521 ut
388 2483 539 2520 omnino
557 2481 708 2518 Latinos

86 2538 251 2590 praeferat
285 2534 438 2572 Achivis
477 2534 600 2584 Liger,
638 2533 707 2569 La-

88 2590 180 2627 tium
219 2586 384 2631 Troadi3
429 2586 494 2622 effe
529 2584 592 2634 ipsi
636 2597 709 2621 rem

88 2654 185 2687 nunc
220 2652 302 2676 cum
350 2636 563 2674 fortioribus
606 2636 709 2679 viris,

88 2690 176 2743 quos
190 2703 261 2727 non
281 2700 353 2725 tam
374 2688 479 2724 facile
496 2686 711 2735 effugiturus

89 2745 157 2786 fit3
186 2752 225 2778 ut
241 2741 343 2791 supra
369 2740 516 2775 Turnus
547 2738 612 2774 lib.
634 2738 708 2780 IX,

96 2809 178 2846 154·
215 2805 281 2844 155
317 2793 426 2830 Haud
436 2790 512 2840 fibi
538 2805 607 2827 cum
627 2791 707 2829 Da-

771 2129 843 2160 nais
874 2137 940 2159 rem
960 2125 1054 2171 faxo
1080 2131 1110 2156 et
1131 2119 1218 2169 pube
1247 2119 1395 2171 Peltsga

770 2175 843 2224 Effl
880 2183 1006 2224 putem.
1064 2174 1149 2223 586.
1182 2174 1323 2220 pendens
1359 2178 1395 2210 12¹2

768 2226 930 2262 ‹vsa-bera.
997 2223 1098 2259 conf,
1134 2223 1211 2272 sup.
1246 2223 1311 2260 lib.
1341 2223 1394 2267 V,

776 2277 860 2323 146.
887 2289 969 2324 147.
1001 2273 1165 2316 Ge.111‚
1199 2276 1284 2312 106.
1312 2288 1394 2326 ¹07·

773 2327 851 2363 Hic
869 2326 1036 2375 Lucagus
1055 2325 1180 2375 gladio
1199 2338 1263 2374 pro
1283 2325 1396 2376 flagro

772 2378 852 2415 usus
866 2379 928 2420 est,
944 2378 1047 2420 dum,
1064 2390 1172 2413 morae
1186 2376 1395 2426 impatiens,

769 2442 878 2479 equos
905 2429 979 2478 ipse
1011 2428 1156 2471 incitat,
1191 2427 1299 2464 fratre
1332 2428 1395 2464 Li-

770 2481 847 2531 geri
882 2493 942 2516 eos
997 2490 1151 2529 regente.
1223 2478 1396 2516 Notabile

772 2543 888 2569 autem
940 2530 1025 2574 hoc,
1087 2530 1184 2580 quod
1229 2531 1396 2580 Lucagus

773 2582 812 2619 in
862 2595 969 2619 curru
1004 2583 1107 2625 stans,
1169 2594 1240 2617 non
1287 2581 1395 2626 hasta,

774 2646 819 2671 ex
861 2643 1005 2684 erpetuo
1025 2634 1171 2669 heroum
1192 2645 1304 2675 more,
1335 2633 1395 2670 std

774 2649 858 2722 ensi?
873 2685 1000 2722 utitur.
1033 2683 1131 2720 conf.
1155 2696 1239 2733 577.
1295 2684 1393 2721 'l‘um

777 2739 864 2787 588.
899 2738 971 2787 589
1008 2735 1154 2783 trajecia
1182 2736 1254 2770 ima
1285 2735 1394 2785 clipei

775 2800 837 2833 ora
849 2788 940 2825 hasta
953 2786 1067 2838 ipsum
1084 2784 1261 2823 bubonem
1282 2787 1392 2822 trans-

1291 2840 1368 2888 figit
1383 2854 1396 2883 ᾗ
