<?xml version="1.0" encoding="UTF-8"?>
<!DOCTYPE html PUBLIC "-//W3C//DTD XHTML 1.0 Transitional//EN"
    "http://www.w3.org/TR/xhtml1/DTD/xhtml1-transitional.dtd">
<html xmlns="http://www.w3.org/1999/xhtml" xml:lang="en" lang="en">
 <head>
  <title>
</title>
<meta http-equiv="Content-Type" content="text/html;charset=utf-8" />
  <meta name='ocr-system' content='tesseract 3.04.00' />
  <meta name='ocr-capabilities' content='ocr_page ocr_carea ocr_par ocr_line ocrx_word'/>
</head>
<body>
  <div class='ocr_page' id='page_1' title='image "./operavarietatele03virguoft/operavarietatele03virguoft_0169.png"; bbox 0 0 1847 3313; ppageno 0'>
   <div class='ocr_carea' id='block_1_1' title="bbox 408 296 1396 359">
    <p class='ocr_par' dir='ltr' id='par_1_1' title="bbox 408 296 1396 359">
     <span class='ocr_line' id='line_1_1' title="bbox 408 296 1396 359; baseline 0.002 -13"><span class='ocrx_word' id='word_1_1' title='bbox 408 300 520 346; x_wconf 68' lang='lat' dir='ltr'>AD</span> <span class='ocrx_word' id='word_1_2' title='bbox 576 297 922 347; x_wconf 78' lang='lat' dir='ltr'>LIBRUM</span> <span class='ocrx_word' id='word_1_3' title='bbox 986 296 1098 343; x_wconf 77' lang='lat' dir='ltr'>vii.</span> <span class='ocrx_word' id='word_1_4' title='bbox 1313 308 1396 359; x_wconf 75' lang='lat'>155</span> 
     </span>
    </p>
   </div>
   <div class='ocr_carea' id='block_1_2' title="bbox 97 425 1431 2919">
    <p class='ocr_par' dir='ltr' id='par_1_2' title="bbox 97 425 1407 716">
     <span class='ocr_line' id='line_1_2' title="bbox 99 425 1407 487; baseline -0.004 -16"><span class='ocrx_word' id='word_1_5' title='bbox 99 433 232 487; x_wconf 80' lang='lat' dir='ltr'>Italiae,</span> <span class='ocrx_word' id='word_1_6' title='bbox 263 445 351 483; x_wconf 87' lang='lat' dir='ltr'>quos</span> <span class='ocrx_word' id='word_1_7' title='bbox 377 430 536 483; x_wconf 83' lang='lat' dir='ltr'>ejusdem</span> <span class='ocrx_word' id='word_1_8' title='bbox 571 429 685 481; x_wconf 88' lang='lat' dir='ltr'>stirpis</span> <span class='ocrx_word' id='word_1_9' title='bbox 710 428 806 480; x_wconf 85' lang='lat' dir='ltr'>quasi</span> <span class='ocrx_word' id='word_1_10' title='bbox 836 427 994 466; x_wconf 88' lang='lat' dir='ltr'>surculos</span> <span class='ocrx_word' id='word_1_11' title='bbox 1023 439 1067 464; x_wconf 87' lang='lat' dir='ltr'>ac</span> <span class='ocrx_word' id='word_1_12' title='bbox 1096 425 1310 478; x_wconf 81' lang='lat' dir='ltr'>propagines</span> <span class='ocrx_word' id='word_1_13' title='bbox 1344 437 1407 467; x_wconf 81' lang='lat' dir='ltr'>aut</span> 
     </span>
     <span class='ocr_line' id='line_1_3' title="bbox 97 486 1405 543; baseline -0.005 -13"><span class='ocrx_word' id='word_1_14' title='bbox 97 491 226 543; x_wconf 85' lang='lat' dir='ltr'>populi</span> <span class='ocrx_word' id='word_1_15' title='bbox 244 494 287 541; x_wconf 77' lang='lat' dir='ltr'>ej</span> <span class='ocrx_word' id='word_1_16' title='bbox 283 492 402 528; x_wconf 84' lang='lat' dir='ltr'>isdem</span> <span class='ocrx_word' id='word_1_17' title='bbox 422 491 536 527; x_wconf 82' lang='lat' dir='ltr'>tribus</span> <span class='ocrx_word' id='word_1_18' title='bbox 554 490 722 540; x_wconf 80' lang='lat' dir='ltr'>appelles,</span> <span class='ocrx_word' id='word_1_19' title='bbox 759 499 832 525; x_wconf 85' lang='lat' dir='ltr'>tarn</span> <span class='ocrx_word' id='word_1_20' title='bbox 861 489 997 532; x_wconf 83' lang='lat' dir='ltr'>multae,</span> <span class='ocrx_word' id='word_1_21' title='bbox 1027 496 1063 523; x_wconf 86' lang='lat' dir='ltr'>et</span> <span class='ocrx_word' id='word_1_22' title='bbox 1090 486 1239 523; x_wconf 82' lang='lat' dir='ltr'>diversae</span> <span class='ocrx_word' id='word_1_23' title='bbox 1254 487 1405 536; x_wconf 87' lang='lat' dir='ltr'>quidem</span> 
     </span>
     <span class='ocr_line' id='line_1_4' title="bbox 100 545 1406 593; baseline -0.002 -7"><span class='ocrx_word' id='word_1_24' title='bbox 100 549 323 593; x_wconf 58' lang='lat' dir='ltr'>nominibus,</span> <span class='ocrx_word' id='word_1_25' title='bbox 345 562 380 586; x_wconf 88' lang='lat' dir='ltr'>re</span> <span class='ocrx_word' id='word_1_26' title='bbox 411 558 528 585; x_wconf 83' lang='lat' dir='ltr'>tamen</span> <span class='ocrx_word' id='word_1_27' title='bbox 549 549 592 584; x_wconf 86' lang='lat' dir='ltr'>ad</span> <span class='ocrx_word' id='word_1_28' title='bbox 623 547 718 584; x_wconf 83' lang='lat' dir='ltr'>idem</span> <span class='ocrx_word' id='word_1_29' title='bbox 740 546 811 583; x_wconf 79' lang='lat' dir='ltr'>fere</span> <span class='ocrx_word' id='word_1_30' title='bbox 830 546 1027 590; x_wconf 85' lang='lat' dir='ltr'>redeuntes,</span> <span class='ocrx_word' id='word_1_31' title='bbox 1059 545 1167 582; x_wconf 81' lang='lat' dir='ltr'>essent</span> <span class='ocrx_word' id='word_1_32' title='bbox 1185 545 1406 584; x_wconf 74' lang='lat' dir='ltr'>narrationes</span> 
     </span>
     <span class='ocr_line' id='line_1_5' title="bbox 100 603 1407 656; baseline -0.005 -11"><span class='ocrx_word' id='word_1_33' title='bbox 100 608 147 645; x_wconf 85' lang='lat' dir='ltr'>de</span> <span class='ocrx_word' id='word_1_34' title='bbox 165 607 324 645; x_wconf 64' lang='lat' dir='ltr'>austoril</span> <span class='ocrx_word' id='word_1_35' title='bbox 329 622 367 644; x_wconf 87' lang='lat' dir='ltr'>us</span> <span class='ocrx_word' id='word_1_36' title='bbox 394 607 465 644; x_wconf 84' lang='lat' dir='ltr'>suis</span> <span class='ocrx_word' id='word_1_37' title='bbox 492 620 532 643; x_wconf 86' lang='lat' dir='ltr'>ac</span> <span class='ocrx_word' id='word_1_38' title='bbox 564 606 692 656; x_wconf 85' lang='lat' dir='ltr'>primis</span> <span class='ocrx_word' id='word_1_39' title='bbox 715 605 885 642; x_wconf 78' lang='lat' dir='ltr'>heroibus</span> <span class='ocrx_word' id='word_1_40' title='bbox 912 603 1148 655; x_wconf 77' lang='lat' dir='ltr'><strong>regibusque:</strong></span> <span class='ocrx_word' id='word_1_41' title='bbox 1178 603 1304 654; x_wconf 86' lang='lat' dir='ltr'><strong>selegit</strong></span> <span class='ocrx_word' id='word_1_42' title='bbox 1322 606 1407 654; x_wconf 84' lang='lat' dir='ltr'>qui.</span> 
     </span>
     <span class='ocr_line' id='line_1_6' title="bbox 100 656 1406 716; baseline -0.002 -13"><span class='ocrx_word' id='word_1_43' title='bbox 100 656 183 703; x_wconf 85' lang='lat' dir='ltr'>dem</span> <span class='ocrx_word' id='word_1_44' title='bbox 202 680 246 703; x_wconf 88' lang='lat' dir='ltr'>ex</span> <span class='ocrx_word' id='word_1_45' title='bbox 267 667 312 703; x_wconf 87' lang='lat' dir='ltr'>iis</span> <span class='ocrx_word' id='word_1_46' title='bbox 330 681 351 716; x_wconf 78' lang='lat' dir='ltr'>l&#39;</span> <span class='ocrx_word' id='word_1_47' title='bbox 348 671 437 704; x_wconf 73' lang='lat' dir='ltr'>oeta</span> <span class='ocrx_word' id='word_1_48' title='bbox 453 667 656 709; x_wconf 85' lang='lat' dir='ltr'>nonnullas,</span> <span class='ocrx_word' id='word_1_49' title='bbox 683 678 769 715; x_wconf 78' lang='lat' dir='ltr'>quas</span> <span class='ocrx_word' id='word_1_50' title='bbox 785 676 855 700; x_wconf 85' lang='lat' dir='ltr'>car</span> <span class='ocrx_word' id='word_1_51' title='bbox 859 662 942 699; x_wconf 84' lang='lat' dir='ltr'>nine</span> <span class='ocrx_word' id='word_1_52' title='bbox 960 662 1103 700; x_wconf 68' lang='lat' dir='ltr'>trac’tari</span> <span class='ocrx_word' id='word_1_53' title='bbox 1120 663 1211 712; x_wconf 77' lang='lat' dir='ltr'>posse</span> <span class='ocrx_word' id='word_1_54' title='bbox 1230 663 1406 710; x_wconf 80' lang='lat' dir='ltr'>videbat3</span> 
     </span>
    </p>

    <p class='ocr_par' dir='ltr' id='par_1_3' title="bbox 99 722 1411 1074">
     <span class='ocr_line' id='line_1_7' title="bbox 99 722 1406 776; baseline 0 -14"><span class='ocrx_word' id='word_1_55' title='bbox 99 738 146 763; x_wconf 87' lang='lat' dir='ltr'>ex</span> <span class='ocrx_word' id='word_1_56' title='bbox 169 739 288 763; x_wconf 84' lang='lat' dir='ltr'>earum</span> <span class='ocrx_word' id='word_1_57' title='bbox 309 736 428 763; x_wconf 85' lang='lat' dir='ltr'>tamen</span> <span class='ocrx_word' id='word_1_58' title='bbox 455 725 609 776; x_wconf 80' lang='lat' dir='ltr'>ipsarum</span> <span class='ocrx_word' id='word_1_59' title='bbox 631 724 752 761; x_wconf 88' lang='lat' dir='ltr'>indole</span> <span class='ocrx_word' id='word_1_60' title='bbox 771 722 926 772; x_wconf 82' lang='lat' dir='ltr'>intellig·</span> <span class='ocrx_word' id='word_1_61' title='bbox 933 732 1004 764; x_wconf 89' lang='lat' dir='ltr'>tur,</span> <span class='ocrx_word' id='word_1_62' title='bbox 1032 732 1166 772; x_wconf 86' lang='lat' dir='ltr'>quanta</span> <span class='ocrx_word' id='word_1_63' title='bbox 1183 723 1349 760; x_wconf 83' lang='lat' dir='ltr'>cautione</span> <span class='ocrx_word' id='word_1_64' title='bbox 1366 724 1406 762; x_wconf 87' lang='lat' dir='ltr'>in</span> 
     </span>
     <span class='ocr_line' id='line_1_8' title="bbox 100 782 1411 837; baseline 0 -16"><span class='ocrx_word' id='word_1_65' title='bbox 100 784 145 822; x_wconf 80' lang='lat' dir='ltr'>iis</span> <span class='ocrx_word' id='word_1_66' title='bbox 165 786 419 823; x_wconf 79' lang='lat' dir='ltr'>transferendis</span> <span class='ocrx_word' id='word_1_67' title='bbox 437 800 525 837; x_wconf 86' lang='lat' dir='ltr'>opus</span> <span class='ocrx_word' id='word_1_68' title='bbox 545 785 676 822; x_wconf 87' lang='lat' dir='ltr'>fuerit:</span> <span class='ocrx_word' id='word_1_69' title='bbox 707 797 790 821; x_wconf 89' lang='lat' dir='ltr'>cum</span> <span class='ocrx_word' id='word_1_70' title='bbox 811 796 883 820; x_wconf 89' lang='lat' dir='ltr'>non</span> <span class='ocrx_word' id='word_1_71' title='bbox 906 782 1017 819; x_wconf 85' lang='lat' dir='ltr'>niodo</span> <span class='ocrx_word' id='word_1_72' title='bbox 1037 782 1257 819; x_wconf 71' lang='lat' dir='ltr'>obscuriores</span> <span class='ocrx_word' id='word_1_73' title='bbox 1285 784 1411 834; x_wconf 86' lang='lat' dir='ltr'>plerae-</span> 
     </span>
     <span class='ocr_line' id='line_1_9' title="bbox 100 842 1408 896; baseline 0 -15"><span class='ocrx_word' id='word_1_74' title='bbox 100 842 171 895; x_wconf 79' lang='lat' dir='ltr'>que</span> <span class='ocrx_word' id='word_1_75' title='bbox 196 846 302 883; x_wconf 81' lang='lat' dir='ltr'>essent</span> <span class='ocrx_word' id='word_1_76' title='bbox 331 845 517 896; x_wconf 53' lang='lat' dir='ltr'>doctisque</span> <span class='ocrx_word' id='word_1_77' title='bbox 545 844 632 882; x_wconf 85' lang='lat' dir='ltr'>viris</span> <span class='ocrx_word' id='word_1_78' title='bbox 664 843 779 880; x_wconf 87' lang='lat' dir='ltr'>multo</span> <span class='ocrx_word' id='word_1_79' title='bbox 810 842 929 879; x_wconf 84' lang='lat' dir='ltr'>minus</span> <span class='ocrx_word' id='word_1_80' title='bbox 965 851 1058 877; x_wconf 81' lang='lat' dir='ltr'>notae</span> <span class='ocrx_word' id='word_1_81' title='bbox 1089 854 1128 877; x_wconf 81' lang='lat' dir='ltr'>ac</span> <span class='ocrx_word' id='word_1_82' title='bbox 1165 842 1408 890; x_wconf 67' lang='lat' dir='ltr'>Graecmficre,</span> 
     </span>
     <span class='ocr_line' id='line_1_10' title="bbox 101 900 1408 954; baseline 0.002 -15"><span class='ocrx_word' id='word_1_83' title='bbox 101 917 222 941; x_wconf 71' lang='lat' dir='ltr'>verum</span> <span class='ocrx_word' id='word_1_84' title='bbox 258 915 294 942; x_wconf 86' lang='lat' dir='ltr'>et</span> <span class='ocrx_word' id='word_1_85' title='bbox 322 905 460 942; x_wconf 81' lang='lat' dir='ltr'>horridi</span> <span class='ocrx_word' id='word_1_86' title='bbox 489 904 629 954; x_wconf 86' lang='lat' dir='ltr'>aliquid</span> <span class='ocrx_word' id='word_1_87' title='bbox 659 911 695 939; x_wconf 85' lang='lat' dir='ltr'>et</span> <span class='ocrx_word' id='word_1_88' title='bbox 725 901 885 951; x_wconf 80' lang='lat' dir='ltr'>agrestis,</span> <span class='ocrx_word' id='word_1_89' title='bbox 921 910 981 937; x_wconf 75' lang='lat' dir='ltr'>aut</span> <span class='ocrx_word' id='word_1_90' title='bbox 1009 900 1124 949; x_wconf 68' lang='lat' dir='ltr'>jejuni</span> <span class='ocrx_word' id='word_1_91' title='bbox 1154 900 1408 954; x_wconf 72' lang='lat' dir='ltr'>inconditique</span> 
     </span>
     <span class='ocr_line' id='line_1_11' title="bbox 100 959 1407 1015; baseline -0.002 -16"><span class='ocrx_word' id='word_1_92' title='bbox 100 962 287 1009; x_wconf 81' lang='lat' dir='ltr'>haberent,</span> <span class='ocrx_word' id='word_1_93' title='bbox 317 964 415 1015; x_wconf 90' lang='lat' dir='ltr'>quod</span> <span class='ocrx_word' id='word_1_94' title='bbox 435 977 478 1001; x_wconf 90' lang='lat' dir='ltr'>ne</span> <span class='ocrx_word' id='word_1_95' title='bbox 496 963 704 1013; x_wconf 86' lang='lat' dir='ltr'>Virgiliana</span> <span class='ocrx_word' id='word_1_96' title='bbox 732 960 879 1011; x_wconf 86' lang='lat' dir='ltr'>quidem</span> <span class='ocrx_word' id='word_1_97' title='bbox 897 959 1074 1009; x_wconf 78' lang='lat' dir='ltr'>elegantia</span> <span class='ocrx_word' id='word_1_98' title='bbox 1106 959 1150 996; x_wconf 86' lang='lat' dir='ltr'>iis</span> <span class='ocrx_word' id='word_1_99' title='bbox 1180 961 1316 1012; x_wconf 87' lang='lat' dir='ltr'>ubique</span> <span class='ocrx_word' id='word_1_100' title='bbox 1342 964 1407 1000; x_wconf 82' lang='lat' dir='ltr'>ab..</span> 
     </span>
     <span class='ocr_line' id='line_1_12' title="bbox 100 1018 1409 1074; baseline 0.001 -15"><span class='ocrx_word' id='word_1_101' title='bbox 100 1021 251 1073; x_wconf 79' lang='lat' dir='ltr'>stergere</span> <span class='ocrx_word' id='word_1_102' title='bbox 277 1024 411 1074; x_wconf 84' lang='lat' dir='ltr'>potuit.</span> <span class='ocrx_word' id='word_1_103' title='bbox 464 1023 521 1059; x_wconf 83' lang='lat' dir='ltr'>Ex</span> <span class='ocrx_word' id='word_1_104' title='bbox 549 1023 619 1059; x_wconf 86' lang='lat' dir='ltr'>hoc</span> <span class='ocrx_word' id='word_1_105' title='bbox 647 1034 776 1072; x_wconf 79' lang='lat' dir='ltr'>genere</span> <span class='ocrx_word' id='word_1_106' title='bbox 808 1020 914 1056; x_wconf 80' lang='lat' dir='ltr'>sunt:</span> <span class='ocrx_word' id='word_1_107' title='bbox 943 1019 1013 1055; x_wconf 81' lang='lat' dir='ltr'>bell</span> <span class='ocrx_word' id='word_1_108' title='bbox 1020 1033 1078 1056; x_wconf 85' lang='lat' dir='ltr'>um</span> <span class='ocrx_word' id='word_1_109' title='bbox 1104 1018 1196 1057; x_wconf 85' lang='lat' dir='ltr'>inter</span> <span class='ocrx_word' id='word_1_110' title='bbox 1215 1020 1409 1061; x_wconf 78' lang='lat' dir='ltr'>Laurente3</span> 
     </span>
    </p>

    <p class='ocr_par' dir='ltr' id='par_1_4' title="bbox 102 1077 1408 1132">
     <span class='ocr_line' id='line_1_13' title="bbox 102 1077 1408 1132; baseline 0.001 -14"><span class='ocrx_word' id='word_1_111' title='bbox 102 1081 357 1132; x_wconf 80' lang='lat' dir='ltr'>Trojanosque</span> <span class='ocrx_word' id='word_1_112' title='bbox 372 1096 452 1120; x_wconf 78' lang='lat' dir='ltr'>cerv</span> <span class='ocrx_word' id='word_1_113' title='bbox 456 1095 476 1118; x_wconf 90' lang='lat' dir='ltr'>a</span> <span class='ocrx_word' id='word_1_114' title='bbox 494 1082 596 1126; x_wconf 82' lang='lat' dir='ltr'>caesa,</span> <span class='ocrx_word' id='word_1_115' title='bbox 615 1095 720 1131; x_wconf 76' lang='lat' dir='ltr'>quzr</span> <span class='ocrx_word' id='word_1_116' title='bbox 710 1079 799 1116; x_wconf 76' lang='lat' dir='ltr'>Silv’</span> <span class='ocrx_word' id='word_1_117' title='bbox 790 1093 832 1115; x_wconf 77' lang='lat' dir='ltr'>1ae</span> <span class='ocrx_word' id='word_1_118' title='bbox 849 1080 888 1116; x_wconf 91' lang='lat' dir='ltr'>in</span> <span class='ocrx_word' id='word_1_119' title='bbox 899 1077 1042 1114; x_wconf 81' lang='lat' dir='ltr'>deliciis</span> <span class='ocrx_word' id='word_1_120' title='bbox 1055 1088 1144 1123; x_wconf 78' lang='lat' dir='ltr'>erat,</span> <span class='ocrx_word' id='word_1_121' title='bbox 1162 1081 1408 1128; x_wconf 80' lang='lat' dir='ltr'>concitatum3</span> 
     </span>
    </p>

    <p class='ocr_par' dir='ltr' id='par_1_5' title="bbox 101 1134 1415 2435">
     <span class='ocr_line' id='line_1_14' title="bbox 101 1134 1409 1188; baseline 0 -9"><span class='ocrx_word' id='word_1_122' title='bbox 101 1134 270 1179; x_wconf 78' lang='lat' dir='ltr'>Caeculus</span> <span class='ocrx_word' id='word_1_123' title='bbox 296 1142 449 1179; x_wconf 80' lang='lat' dir='ltr'>scintilla</span> <span class='ocrx_word' id='word_1_124' title='bbox 467 1142 512 1178; x_wconf 85' lang='lat' dir='ltr'>ab</span> <span class='ocrx_word' id='word_1_125' title='bbox 539 1140 691 1178; x_wconf 84' lang='lat' dir='ltr'>Laribus</span> <span class='ocrx_word' id='word_1_126' title='bbox 723 1140 809 1176; x_wconf 83' lang='lat' dir='ltr'>foco</span> <span class='ocrx_word' id='word_1_127' title='bbox 838 1137 1012 1188; x_wconf 72' lang='lat' dir='ltr'>impositis</span> <span class='ocrx_word' id='word_1_128' title='bbox 1038 1137 1220 1176; x_wconf 77' lang='lat' dir='ltr'>defiliente</span> <span class='ocrx_word' id='word_1_129' title='bbox 1248 1154 1268 1176; x_wconf 86' lang='lat' dir='ltr'>a</span> <span class='ocrx_word' id='word_1_130' title='bbox 1295 1151 1409 1180; x_wconf 87' lang='lat' dir='ltr'>matre</span> 
     </span>
     <span class='ocr_line' id='line_1_15' title="bbox 101 1191 1407 1252; baseline 0.001 -15"><span class='ocrx_word' id='word_1_131' title='bbox 101 1191 296 1252; x_wconf 78' lang='lat' dir='ltr'>conceptus</span> <span class='ocrx_word' id='word_1_132' title='bbox 330 1201 407 1250; x_wconf 84' lang='lat' dir='ltr'>(cui</span> <span class='ocrx_word' id='word_1_133' title='bbox 441 1200 566 1238; x_wconf 84' lang='lat' dir='ltr'>similis</span> <span class='ocrx_word' id='word_1_134' title='bbox 599 1199 722 1236; x_wconf 80' lang='lat' dir='ltr'>fabula</span> <span class='ocrx_word' id='word_1_135' title='bbox 752 1199 797 1235; x_wconf 89' lang='lat' dir='ltr'>de</span> <span class='ocrx_word' id='word_1_136' title='bbox 830 1197 980 1234; x_wconf 83' lang='lat' dir='ltr'>Romuli</span> <span class='ocrx_word' id='word_1_137' title='bbox 1010 1206 1045 1233; x_wconf 89' lang='lat' dir='ltr'>et</span> <span class='ocrx_word' id='word_1_138' title='bbox 1074 1197 1181 1235; x_wconf 82' lang='lat' dir='ltr'>Remi</span> <span class='ocrx_word' id='word_1_139' title='bbox 1211 1210 1292 1237; x_wconf 91' lang='lat' dir='ltr'>ortu</span> <span class='ocrx_word' id='word_1_140' title='bbox 1309 1203 1407 1252; x_wconf 81' lang='lat' dir='ltr'>apud</span> 
     </span>
     <span class='ocr_line' id='line_1_16' title="bbox 103 1254 1409 1310; baseline 0 -14"><span class='ocrx_word' id='word_1_141' title='bbox 103 1254 285 1299; x_wconf 75' lang='lat' dir='ltr'>Plutarch.</span> <span class='ocrx_word' id='word_1_142' title='bbox 320 1261 469 1298; x_wconf 84' lang='lat' dir='ltr'>Romul.</span> <span class='ocrx_word' id='word_1_143' title='bbox 501 1273 537 1310; x_wconf 88' lang='lat' dir='ltr'>p.</span> <span class='ocrx_word' id='word_1_144' title='bbox 579 1261 623 1297; x_wconf 85' lang='lat'>18</span> <span class='ocrx_word' id='word_1_145' title='bbox 655 1260 704 1296; x_wconf 86' lang='lat' dir='ltr'>D.</span> <span class='ocrx_word' id='word_1_146' title='bbox 741 1257 785 1294; x_wconf 89' lang='lat' dir='ltr'>E.</span> <span class='ocrx_word' id='word_1_147' title='bbox 813 1255 1014 1303; x_wconf 81' lang='lat' dir='ltr'>occurrit);</span> <span class='ocrx_word' id='word_1_148' title='bbox 1044 1256 1175 1301; x_wconf 81' lang='lat' dir='ltr'>Cacus,</span> <span class='ocrx_word' id='word_1_149' title='bbox 1203 1258 1266 1308; x_wconf 90' lang='lat' dir='ltr'>qui</span> <span class='ocrx_word' id='word_1_150' title='bbox 1285 1259 1409 1309; x_wconf 83' lang='lat' dir='ltr'>ignem</span> 
     </span>
     <span class='ocr_line' id='line_1_17' title="bbox 101 1315 1412 1373; baseline 0.001 -17"><span class='ocrx_word' id='word_1_151' title='bbox 101 1333 165 1373; x_wconf 78' lang='lat' dir='ltr'>ore</span> <span class='ocrx_word' id='word_1_152' title='bbox 201 1320 389 1365; x_wconf 82' lang='lat' dir='ltr'>vomebat3</span> <span class='ocrx_word' id='word_1_153' title='bbox 437 1328 582 1356; x_wconf 77' lang='lat' dir='ltr'>mutatae</span> <span class='ocrx_word' id='word_1_154' title='bbox 613 1318 652 1355; x_wconf 87' lang='lat' dir='ltr'>in</span> <span class='ocrx_word' id='word_1_155' title='bbox 688 1316 879 1366; x_wconf 80' lang='lat' dir='ltr'>Nymphas</span> <span class='ocrx_word' id='word_1_156' title='bbox 909 1328 1032 1359; x_wconf 78' lang='lat' dir='ltr'>naves;</span> <span class='ocrx_word' id='word_1_157' title='bbox 1075 1315 1215 1361; x_wconf 75' lang='lat' dir='ltr'>Ocnus,</span> <span class='ocrx_word' id='word_1_158' title='bbox 1248 1319 1412 1358; x_wconf 65' lang='lat' dir='ltr'>Mantuae</span> 
     </span>
     <span class='ocr_line' id='line_1_18' title="bbox 103 1375 1410 1428; baseline 0 -12"><span class='ocrx_word' id='word_1_159' title='bbox 103 1379 294 1423; x_wconf 81' lang='lat' dir='ltr'>conditor3</span> <span class='ocrx_word' id='word_1_160' title='bbox 326 1378 484 1416; x_wconf 86' lang='lat' dir='ltr'>Camilla</span> <span class='ocrx_word' id='word_1_161' title='bbox 513 1377 630 1414; x_wconf 86' lang='lat' dir='ltr'>infans</span> <span class='ocrx_word' id='word_1_162' title='bbox 657 1377 762 1413; x_wconf 66' lang='lat' dir='ltr'>hastae</span> <span class='ocrx_word' id='word_1_163' title='bbox 790 1375 930 1426; x_wconf 79' lang='lat' dir='ltr'>illigata</span> <span class='ocrx_word' id='word_1_164' title='bbox 946 1383 981 1410; x_wconf 84' lang='lat' dir='ltr'>et</span> <span class='ocrx_word' id='word_1_165' title='bbox 1000 1383 1095 1411; x_wconf 84' lang='lat' dir='ltr'>trans</span> <span class='ocrx_word' id='word_1_166' title='bbox 1125 1389 1264 1414; x_wconf 83' lang='lat' dir='ltr'>amnem</span> <span class='ocrx_word' id='word_1_167' title='bbox 1289 1379 1410 1428; x_wconf 62' lang='lat' dir='ltr'>jaela3</span> 
     </span>
     <span class='ocr_line' id='line_1_19' title="bbox 102 1434 1411 1489; baseline -0.003 -16"><span class='ocrx_word' id='word_1_168' title='bbox 102 1437 191 1474; x_wconf 75' lang='lat' dir='ltr'>strix</span> <span class='ocrx_word' id='word_1_169' title='bbox 211 1438 331 1474; x_wconf 89' lang='lat' dir='ltr'>Turni</span> <span class='ocrx_word' id='word_1_170' title='bbox 360 1450 399 1474; x_wconf 91' lang='lat' dir='ltr'>os</span> <span class='ocrx_word' id='word_1_171' title='bbox 432 1436 695 1473; x_wconf 80' lang='lat' dir='ltr'>circumvolans</span> <span class='ocrx_word' id='word_1_172' title='bbox 727 1443 950 1483; x_wconf 85' lang='lat' dir='ltr'>mortemque</span> <span class='ocrx_word' id='word_1_173' title='bbox 967 1434 1192 1482; x_wconf 83' lang='lat' dir='ltr'>portendens.</span> <span class='ocrx_word' id='word_1_174' title='bbox 1246 1437 1340 1489; x_wconf 79' lang='lat' dir='ltr'>Qae</span> <span class='ocrx_word' id='word_1_175' title='bbox 1357 1439 1411 1475; x_wconf 74' lang='lat' dir='ltr'>fa-</span> 
     </span>
     <span class='ocr_line' id='line_1_20' title="bbox 103 1493 1408 1547; baseline 0.002 -16"><span class='ocrx_word' id='word_1_176' title='bbox 103 1495 197 1532; x_wconf 80' lang='lat' dir='ltr'>bulae</span> <span class='ocrx_word' id='word_1_177' title='bbox 223 1510 305 1533; x_wconf 89' lang='lat' dir='ltr'>curn</span> <span class='ocrx_word' id='word_1_178' title='bbox 324 1500 439 1547; x_wconf 83' lang='lat' dir='ltr'>po&#39;e‘tae</span> <span class='ocrx_word' id='word_1_179' title='bbox 465 1495 593 1532; x_wconf 86' lang='lat' dir='ltr'>summi</span> <span class='ocrx_word' id='word_1_180' title='bbox 627 1503 703 1531; x_wconf 89' lang='lat' dir='ltr'>arte</span> <span class='ocrx_word' id='word_1_181' title='bbox 721 1502 756 1530; x_wconf 83' lang='lat' dir='ltr'>et</span> <span class='ocrx_word' id='word_1_182' title='bbox 775 1493 923 1543; x_wconf 84' lang='lat' dir='ltr'>ingenio</span> <span class='ocrx_word' id='word_1_183' title='bbox 940 1493 1109 1542; x_wconf 80' lang='lat' dir='ltr'>expolitae</span> <span class='ocrx_word' id='word_1_184' title='bbox 1126 1493 1189 1530; x_wconf 84' lang='lat' dir='ltr'>vix</span> <span class='ocrx_word' id='word_1_185' title='bbox 1207 1495 1408 1543; x_wconf 76' lang='lat' dir='ltr'>nitescant3</span> 
     </span>
     <span class='ocr_line' id='line_1_21' title="bbox 102 1550 1409 1607; baseline 0 -15"><span class='ocrx_word' id='word_1_186' title='bbox 102 1555 246 1606; x_wconf 70' lang='lat' dir='ltr'>prorsus</span> <span class='ocrx_word' id='word_1_187' title='bbox 274 1555 481 1592; x_wconf 67' lang='lat' dir='ltr'>omittendae</span> <span class='ocrx_word' id='word_1_188' title='bbox 516 1553 616 1591; x_wconf 86' lang='lat' dir='ltr'>fuere</span> <span class='ocrx_word' id='word_1_189' title='bbox 635 1552 728 1591; x_wconf 66' lang='grc' dir='ltr'>ι1ἰῑνε.</span> <span class='ocrx_word' id='word_1_190' title='bbox 784 1551 866 1588; x_wconf 88' lang='lat' dir='ltr'>Nec</span> <span class='ocrx_word' id='word_1_191' title='bbox 895 1563 980 1586; x_wconf 88' lang='lat' dir='ltr'>vero</span> <span class='ocrx_word' id='word_1_192' title='bbox 1008 1550 1076 1587; x_wconf 85' lang='lat' dir='ltr'>lioc</span> <span class='ocrx_word' id='word_1_193' title='bbox 1105 1553 1310 1600; x_wconf 67' lang='lat' dir='ltr'>mirabirur,</span> <span class='ocrx_word' id='word_1_194' title='bbox 1344 1559 1409 1607; x_wconf 88' lang='lat' dir='ltr'>qui</span> 
     </span>
     <span class='ocr_line' id='line_1_22' title="bbox 105 1608 1409 1657; baseline 0.003 -7"><span class='ocrx_word' id='word_1_195' title='bbox 105 1609 323 1657; x_wconf 82' lang='lat' dir='ltr'>meminerit,</span> <span class='ocrx_word' id='word_1_196' title='bbox 351 1612 507 1650; x_wconf 78' lang='lat' dir='ltr'>Graeciae</span> <span class='ocrx_word' id='word_1_197' title='bbox 538 1611 668 1649; x_wconf 81' lang='lat' dir='ltr'>veteris</span> <span class='ocrx_word' id='word_1_198' title='bbox 686 1611 822 1647; x_wconf 74' lang='lat' dir='ltr'>fabulis</span> <span class='ocrx_word' id='word_1_199' title='bbox 851 1608 922 1645; x_wconf 88' lang='lat' dir='ltr'>ab</span> <span class='ocrx_word' id='word_1_200' title='bbox 913 1608 1022 1646; x_wconf 79' lang='lat' dir='ltr'>mitio</span> <span class='ocrx_word' id='word_1_201' title='bbox 1052 1611 1145 1647; x_wconf 84' lang='lat' dir='ltr'>forte</span> <span class='ocrx_word' id='word_1_202' title='bbox 1162 1625 1233 1649; x_wconf 84' lang='lat' dir='ltr'>non</span> <span class='ocrx_word' id='word_1_203' title='bbox 1252 1616 1370 1653; x_wconf 86' lang='lat' dir='ltr'>minus</span> <span class='ocrx_word' id='word_1_204' title='bbox 1387 1631 1409 1654; x_wconf 83' lang='lat' dir='ltr'>a</span> 
     </span>
     <span class='ocr_line' id='line_1_23' title="bbox 104 1670 1409 1726; baseline -0.003 -14"><span class='ocrx_word' id='word_1_205' title='bbox 104 1675 251 1726; x_wconf 73' lang='lat' dir='ltr'>poetica</span> <span class='ocrx_word' id='word_1_206' title='bbox 269 1676 462 1726; x_wconf 81' lang='lat' dir='ltr'>elegantia,</span> <span class='ocrx_word' id='word_1_207' title='bbox 479 1673 653 1710; x_wconf 75' lang='lat' dir='ltr'>suavitate</span> <span class='ocrx_word' id='word_1_208' title='bbox 672 1681 708 1710; x_wconf 76' lang='lat' dir='ltr'>et</span> <span class='ocrx_word' id='word_1_209' title='bbox 725 1673 789 1709; x_wconf 76' lang='lat'>010</span> <span class='ocrx_word' id='word_1_210' title='bbox 767 1681 920 1721; x_wconf 83' lang='lat' dir='ltr'>nitate,</span> <span class='ocrx_word' id='word_1_211' title='bbox 938 1670 1084 1713; x_wconf 82' lang='lat' dir='ltr'>alienas,</span> <span class='ocrx_word' id='word_1_212' title='bbox 1101 1686 1232 1723; x_wconf 85' lang='lat' dir='ltr'>magno</span> <span class='ocrx_word' id='word_1_213' title='bbox 1250 1677 1409 1725; x_wconf 76' lang='lat' dir='ltr'>plurium</span> 
     </span>
     <span class='ocr_line' id='line_1_24' title="bbox 103 1730 1409 1785; baseline 0.003 -14"><span class='ocrx_word' id='word_1_214' title='bbox 103 1737 292 1785; x_wconf 70' lang='lat' dir='ltr'>poetarum</span> <span class='ocrx_word' id='word_1_215' title='bbox 329 1731 399 1771; x_wconf 74' lang='lat' dir='ltr'>sibi‘</span> <span class='ocrx_word' id='word_1_216' title='bbox 431 1733 591 1770; x_wconf 84' lang='lat' dir='ltr'>invicem</span> <span class='ocrx_word' id='word_1_217' title='bbox 622 1731 891 1769; x_wconf 79' lang='lat' dir='ltr'>succedentium</span> <span class='ocrx_word' id='word_1_218' title='bbox 925 1730 1040 1766; x_wconf 75' lang='lat' dir='ltr'>studio</span> <span class='ocrx_word' id='word_1_219' title='bbox 1076 1731 1174 1770; x_wconf 78' lang='lat' dir='ltr'>fuiffe</span> <span class='ocrx_word' id='word_1_220' title='bbox 1206 1738 1409 1785; x_wconf 76' lang='lat' dir='ltr'>expolira53</span> 
     </span>
     <span class='ocr_line' id='line_1_25' title="bbox 103 1791 1411 1845; baseline 0 -14"><span class='ocrx_word' id='word_1_221' title='bbox 103 1794 239 1831; x_wconf 81' lang='lat' dir='ltr'>Italicis</span> <span class='ocrx_word' id='word_1_222' title='bbox 257 1804 374 1831; x_wconf 86' lang='lat' dir='ltr'>autem</span> <span class='ocrx_word' id='word_1_223' title='bbox 394 1793 526 1830; x_wconf 81' lang='lat' dir='ltr'>fabulis</span> <span class='ocrx_word' id='word_1_224' title='bbox 545 1791 692 1828; x_wconf 77' lang='lat' dir='ltr'>similem</span> <span class='ocrx_word' id='word_1_225' title='bbox 721 1791 903 1828; x_wconf 83' lang='lat' dir='ltr'>fortunam</span> <span class='ocrx_word' id='word_1_226' title='bbox 922 1802 1103 1839; x_wconf 78' lang='lat' dir='ltr'>nunquam</span> <span class='ocrx_word' id='word_1_227' title='bbox 1124 1795 1325 1845; x_wconf 59' lang='lat' dir='ltr'>condgiflb,</span> <span class='ocrx_word' id='word_1_228' title='bbox 1355 1800 1411 1838; x_wconf 80' lang='lat' dir='ltr'>uti</span> 
     </span>
     <span class='ocr_line' id='line_1_26' title="bbox 104 1847 1411 1903; baseline 0.004 -12"><span class='ocrx_word' id='word_1_229' title='bbox 104 1866 170 1891; x_wconf 88' lang='lat' dir='ltr'>nec</span> <span class='ocrx_word' id='word_1_230' title='bbox 196 1853 327 1890; x_wconf 87' lang='lat' dir='ltr'>artium</span> <span class='ocrx_word' id='word_1_231' title='bbox 355 1862 535 1901; x_wconf 80' lang='lat' dir='ltr'>maturum</span> <span class='ocrx_word' id='word_1_232' title='bbox 566 1852 718 1888; x_wconf 89' lang='lat' dir='ltr'>cultum.</span> <span class='ocrx_word' id='word_1_233' title='bbox 751 1849 898 1899; x_wconf 51' lang='lat' dir='ltr'>&#39;Itaque</span> <span class='ocrx_word' id='word_1_234' title='bbox 918 1847 956 1885; x_wconf 89' lang='lat' dir='ltr'>in</span> <span class='ocrx_word' id='word_1_235' title='bbox 984 1850 1039 1886; x_wconf 84' lang='lat' dir='ltr'>his</span> <span class='ocrx_word' id='word_1_236' title='bbox 1068 1851 1190 1889; x_wconf 83' lang='lat' dir='ltr'>videas</span> <span class='ocrx_word' id='word_1_237' title='bbox 1222 1860 1411 1903; x_wconf 82' lang='lat' dir='ltr'>nonnulla,</span> 
     </span>
     <span class='ocr_line' id='line_1_27' title="bbox 104 1908 1412 1964; baseline 0.005 -15"><span class='ocrx_word' id='word_1_238' title='bbox 104 1926 184 1964; x_wconf 81' lang='lat' dir='ltr'>quae</span> <span class='ocrx_word' id='word_1_239' title='bbox 200 1925 245 1949; x_wconf 89' lang='lat' dir='ltr'>ne</span> <span class='ocrx_word' id='word_1_240' title='bbox 275 1912 423 1948; x_wconf 87' lang='lat' dir='ltr'>definita</span> <span class='ocrx_word' id='word_1_241' title='bbox 454 1911 603 1960; x_wconf 83' lang='lat' dir='ltr'>quidem</span> <span class='ocrx_word' id='word_1_242' title='bbox 632 1920 668 1946; x_wconf 85' lang='lat' dir='ltr'>et</span> <span class='ocrx_word' id='word_1_243' title='bbox 697 1908 887 1946; x_wconf 82' lang='lat' dir='ltr'>constituta</span> <span class='ocrx_word' id='word_1_244' title='bbox 923 1908 1005 1945; x_wconf 79' lang='lat' dir='ltr'>satis</span> <span class='ocrx_word' id='word_1_245' title='bbox 1033 1909 1128 1955; x_wconf 82' lang='lat' dir='ltr'>sunt,</span> <span class='ocrx_word' id='word_1_246' title='bbox 1166 1923 1204 1950; x_wconf 92' lang='lat' dir='ltr'>ut</span> <span class='ocrx_word' id='word_1_247' title='bbox 1234 1917 1412 1955; x_wconf 78' lang='lat' dir='ltr'>attributa</span> 
     </span>
     <span class='ocr_line' id='line_1_28' title="bbox 106 1967 1411 2027; baseline 0.002 -18"><span class='ocrx_word' id='word_1_248' title='bbox 106 1972 271 2015; x_wconf 86' lang='lat' dir='ltr'>deorum,</span> <span class='ocrx_word' id='word_1_249' title='bbox 290 1985 369 2022; x_wconf 83' lang='lat' dir='ltr'>quae</span> <span class='ocrx_word' id='word_1_250' title='bbox 382 1970 476 2020; x_wconf 87' lang='lat' dir='ltr'>apud</span> <span class='ocrx_word' id='word_1_251' title='bbox 494 1969 644 2006; x_wconf 82' lang='lat' dir='ltr'>Graecos</span> <span class='ocrx_word' id='word_1_252' title='bbox 662 1967 843 2005; x_wconf 81' lang='lat' dir='ltr'>artificum</span> <span class='ocrx_word' id='word_1_253' title='bbox 857 1981 966 2018; x_wconf 85' lang='lat' dir='ltr'>opera</span> <span class='ocrx_word' id='word_1_254' title='bbox 983 1971 1126 2020; x_wconf 81' lang='lat' dir='ltr'>egregie</span> <span class='ocrx_word' id='word_1_255' title='bbox 1145 1972 1223 2009; x_wconf 88' lang='lat' dir='ltr'>sunt</span> <span class='ocrx_word' id='word_1_256' title='bbox 1241 1975 1411 2027; x_wconf 72' lang='lat' dir='ltr'>dispolita</span> 
     </span>
     <span class='ocr_line' id='line_1_29' title="bbox 105 2027 1412 2087; baseline 0 -19"><span class='ocrx_word' id='word_1_257' title='bbox 105 2041 142 2068; x_wconf 84' lang='lat' dir='ltr'>et</span> <span class='ocrx_word' id='word_1_258' title='bbox 159 2030 349 2080; x_wconf 84' lang='lat' dir='ltr'>descripta.</span> <span class='ocrx_word' id='word_1_259' title='bbox 400 2028 490 2066; x_wconf 88' lang='lat' dir='ltr'>Inde</span> <span class='ocrx_word' id='word_1_260' title='bbox 508 2029 642 2066; x_wconf 56' lang='lat' dir='ltr'>saeorum</span> <span class='ocrx_word' id='word_1_261' title='bbox 661 2027 833 2072; x_wconf 85' lang='lat' dir='ltr'>arbitror,</span> <span class='ocrx_word' id='word_1_262' title='bbox 853 2037 893 2063; x_wconf 91' lang='lat' dir='ltr'>ut</span> <span class='ocrx_word' id='word_1_263' title='bbox 911 2027 999 2071; x_wconf 77' lang='lat' dir='ltr'>falx,</span> <span class='ocrx_word' id='word_1_264' title='bbox 1013 2042 1092 2078; x_wconf 78' lang='lat' dir='ltr'>quae</span> <span class='ocrx_word' id='word_1_265' title='bbox 1103 2029 1255 2069; x_wconf 86' lang='lat' dir='ltr'>Saturno</span> <span class='ocrx_word' id='word_1_266' title='bbox 1268 2037 1412 2087; x_wconf 73' lang='lat' dir='ltr'>proprie</span> 
     </span>
     <span class='ocr_line' id='line_1_30' title="bbox 108 2079 1414 2147; baseline -0.005 -20"><span class='ocrx_word' id='word_1_267' title='bbox 108 2079 185 2127; x_wconf 71' lang='lat' dir='ltr'>erat</span> <span class='ocrx_word' id='word_1_268' title='bbox 210 2089 413 2130; x_wconf 87' lang='lat' dir='ltr'>tribuenda,</span> <span class='ocrx_word' id='word_1_269' title='bbox 441 2088 484 2125; x_wconf 71' lang='lat' dir='ltr'>Sa</span> <span class='ocrx_word' id='word_1_270' title='bbox 479 2086 576 2124; x_wconf 80' lang='lat' dir='ltr'>bino</span> <span class='ocrx_word' id='word_1_271' title='bbox 607 2087 744 2137; x_wconf 63' lang='lat' dir='ltr'>adjeela</span> <span class='ocrx_word' id='word_1_272' title='bbox 764 2087 804 2124; x_wconf 85' lang='lat' dir='ltr'>sit</span> <span class='ocrx_word' id='word_1_273' title='bbox 822 2086 888 2123; x_wconf 83' lang='lat' dir='ltr'>lib.</span> <span class='ocrx_word' id='word_1_274' title='bbox 916 2085 1009 2130; x_wconf 80' lang='lat' dir='ltr'>VH,</span> <span class='ocrx_word' id='word_1_275' title='bbox 1039 2090 1124 2139; x_wconf 83' lang='lat'><em>178.</em></span> <span class='ocrx_word' id='word_1_276' title='bbox 1157 2103 1226 2142; x_wconf 86' lang='lat'>179</span> <span class='ocrx_word' id='word_1_277' title='bbox 1250 2104 1414 2147; x_wconf 78' lang='lat' dir='ltr'>paterque</span> 
     </span>
     <span class='ocr_line' id='line_1_31' title="bbox 107 2146 1414 2199; baseline 0.003 -12"><span class='ocrx_word' id='word_1_278' title='bbox 107 2151 251 2188; x_wconf 78' lang='lat' dir='ltr'>Sabinus</span> <span class='ocrx_word' id='word_1_279' title='bbox 284 2150 327 2184; x_wconf 90' lang='lat' dir='ltr'><em>V</em></span> <span class='ocrx_word' id='word_1_280' title='bbox 314 2160 339 2186; x_wconf 80' lang='lat' dir='ltr'>l!</span> <span class='ocrx_word' id='word_1_281' title='bbox 341 2152 439 2198; x_wconf 73' lang='lat' dir='ltr'>sulm</span> <span class='ocrx_word' id='word_1_282' title='bbox 440 2177 452 2192; x_wconf 94' lang='lat'>,</span> <span class='ocrx_word' id='word_1_283' title='bbox 486 2163 629 2184; x_wconf 77' lang='lat' dir='ltr'>curvam</span> <span class='ocrx_word' id='word_1_284' title='bbox 648 2149 800 2195; x_wconf 75' lang='lat' dir='ltr'>strvans</span> <span class='ocrx_word' id='word_1_285' title='bbox 823 2146 891 2194; x_wconf 77' lang='lat' dir='ltr'>sub</span> <span class='ocrx_word' id='word_1_286' title='bbox 925 2151 1068 2199; x_wconf 78' lang='lat' dir='ltr'>imagme</span> <span class='ocrx_word' id='word_1_287' title='bbox 1088 2149 1232 2198; x_wconf 68' lang='lat' dir='ltr'>falcem.</span> <span class='ocrx_word' id='word_1_288' title='bbox 1287 2153 1414 2194; x_wconf 74' lang='lat' dir='ltr'>Clavis</span> 
     </span>
     <span class='ocr_line' id='line_1_32' title="bbox 108 2204 1415 2260; baseline -0.002 -13"><span class='ocrx_word' id='word_1_289' title='bbox 108 2208 294 2260; x_wconf 84' lang='lat' dir='ltr'>proprium</span> <span class='ocrx_word' id='word_1_290' title='bbox 313 2209 360 2244; x_wconf 88' lang='lat' dir='ltr'>est</span> <span class='ocrx_word' id='word_1_291' title='bbox 379 2207 516 2257; x_wconf 77' lang='lat' dir='ltr'>insigne</span> <span class='ocrx_word' id='word_1_292' title='bbox 543 2205 639 2255; x_wconf 87' lang='lat' dir='ltr'>Jaiii.</span> <span class='ocrx_word' id='word_1_293' title='bbox 693 2207 746 2241; x_wconf 84' lang='lat' dir='ltr'>At</span> <span class='ocrx_word' id='word_1_294' title='bbox 775 2204 870 2255; x_wconf 79' lang='lat' dir='ltr'>apud</span> <span class='ocrx_word' id='word_1_295' title='bbox 902 2204 1039 2242; x_wconf 78' lang='lat' dir='ltr'>Festum</span> <span class='ocrx_word' id='word_1_296' title='bbox 1070 2207 1107 2243; x_wconf 88' lang='lat' dir='ltr'>in</span> <span class='ocrx_word' id='word_1_297' title='bbox 1137 2209 1303 2248; x_wconf 75' lang='lat' dir='ltr'>Claudere</span> <span class='ocrx_word' id='word_1_298' title='bbox 1328 2212 1415 2252; x_wconf 83' lang='lat' dir='ltr'>Por-</span> 
     </span>
     <span class='ocr_line' id='line_1_33' title="bbox 110 2263 1414 2323; baseline -0.002 -18"><span class='ocrx_word' id='word_1_299' title='bbox 110 2279 253 2305; x_wconf 78' lang='lat' dir='ltr'>turrinus</span> <span class='ocrx_word' id='word_1_300' title='bbox 271 2265 403 2303; x_wconf 83' lang='lat' dir='ltr'>clavim</span> <span class='ocrx_word' id='word_1_301' title='bbox 423 2279 529 2301; x_wconf 81' lang='lat' dir='ltr'>manu</span> <span class='ocrx_word' id='word_1_302' title='bbox 558 2274 675 2301; x_wconf 83' lang='lat' dir='ltr'>tenere</span> <span class='ocrx_word' id='word_1_303' title='bbox 693 2263 845 2308; x_wconf 80' lang='lat' dir='ltr'>dicitur,</span> <span class='ocrx_word' id='word_1_304' title='bbox 873 2273 913 2300; x_wconf 91' lang='lat' dir='ltr'>ut</span> <span class='ocrx_word' id='word_1_305' title='bbox 931 2263 1016 2301; x_wconf 83' lang='lat' dir='ltr'>deus</span> <span class='ocrx_word' id='word_1_306' title='bbox 1035 2275 1217 2315; x_wconf 86' lang='lat' dir='ltr'>portuum.</span> <span class='ocrx_word' id='word_1_307' title='bbox 1272 2271 1356 2323; x_wconf 74' lang='lat' dir='ltr'>Qa</span> <span class='ocrx_word' id='word_1_308' title='bbox 1375 2287 1414 2312; x_wconf 68' lang='lat' dir='ltr'>re</span> 
     </span>
     <span class='ocr_line' id='line_1_34' title="bbox 109 2321 1414 2381; baseline -0.002 -17"><span class='ocrx_word' id='word_1_309' title='bbox 109 2327 244 2364; x_wconf 83' lang='lat' dir='ltr'>adduci</span> <span class='ocrx_word' id='word_1_310' title='bbox 273 2325 307 2362; x_wconf 89' lang='lat' dir='ltr'>se</span> <span class='ocrx_word' id='word_1_311' title='bbox 333 2325 444 2375; x_wconf 69' lang='lat' dir='ltr'>passus</span> <span class='ocrx_word' id='word_1_312' title='bbox 461 2335 536 2360; x_wconf 83' lang='lat' dir='ltr'>erat</span> <span class='ocrx_word' id='word_1_313' title='bbox 555 2322 725 2359; x_wconf 73' lang='lat' dir='ltr'>Heinsius</span> <span class='ocrx_word' id='word_1_314' title='bbox 742 2323 787 2359; x_wconf 85' lang='lat' dir='ltr'>ad</span> <span class='ocrx_word' id='word_1_315' title='bbox 823 2321 938 2359; x_wconf 87' lang='lat' dir='ltr'>Ovid.</span> <span class='ocrx_word' id='word_1_316' title='bbox 972 2323 1065 2375; x_wconf 82' lang='lat' dir='ltr'>Met.</span> <span class='ocrx_word' id='word_1_317' title='bbox 1100 2324 1215 2372; x_wconf 88' lang='lat' dir='ltr'>XIV,</span> <span class='ocrx_word' id='word_1_318' title='bbox 1247 2342 1337 2381; x_wconf 77' lang='lat'>334,</span> <span class='ocrx_word' id='word_1_319' title='bbox 1371 2341 1414 2370; x_wconf 72' lang='lat' dir='ltr'>ut</span> 
     </span>
     <span class='ocr_line' id='line_1_35' title="bbox 112 2380 939 2448; baseline -0.007 -25"><span class='ocrx_word' id='word_1_320' title='bbox 112 2385 244 2435; x_wconf 81' lang='lat' dir='ltr'>Janum</span> <span class='ocrx_word' id='word_1_321' title='bbox 264 2384 420 2448; x_wconf 82' lang='lat' dir='ltr'>aliquem</span> <span class='ocrx_word' id='word_1_322' title='bbox 441 2383 674 2419; x_wconf 84' lang='lat' dir='ltr'>Portumnum</span> <span class='ocrx_word' id='word_1_323' title='bbox 693 2380 758 2418; x_wconf 89' lang='lat' dir='ltr'>sibi</span> <span class='ocrx_word' id='word_1_324' title='bbox 777 2381 939 2431; x_wconf 81' lang='lat' dir='ltr'>fingeret.</span> 
     </span>
    </p>

    <p class='ocr_par' dir='ltr' id='par_1_6' title="bbox 110 2412 1431 2859">
     <span class='ocr_line' id='line_1_36' title="bbox 163 2412 1415 2491; baseline 0.004 -9"><span class='ocrx_word' id='word_1_325' title='bbox 163 2444 255 2481; x_wconf 80' lang='lat' dir='ltr'>Haec</span> <span class='ocrx_word' id='word_1_326' title='bbox 280 2456 364 2481; x_wconf 91' lang='lat' dir='ltr'>cum</span> <span class='ocrx_word' id='word_1_327' title='bbox 374 2442 435 2479; x_wconf 90' lang='lat' dir='ltr'>ita</span> <span class='ocrx_word' id='word_1_328' title='bbox 461 2441 496 2479; x_wconf 82' lang='lat' dir='ltr'>se</span> <span class='ocrx_word' id='word_1_329' title='bbox 513 2441 698 2484; x_wconf 85' lang='lat' dir='ltr'>haberent,</span> <span class='ocrx_word' id='word_1_330' title='bbox 717 2440 919 2491; x_wconf 82' lang='lat' dir='ltr'>deligendae</span> <span class='ocrx_word' id='word_1_331' title='bbox 937 2441 1035 2479; x_wconf 85' lang='lat' dir='ltr'>fuere</span> <span class='ocrx_word' id='word_1_332' title='bbox 1054 2442 1204 2482; x_wconf 86' lang='lat' dir='ltr'>Maroni</span> <span class='ocrx_word' id='word_1_333' title='bbox 1220 2412 1351 2485; x_wconf 82' lang='lat' dir='ltr'>fabulae</span> <span class='ocrx_word' id='word_1_334' title='bbox 1367 2462 1415 2487; x_wconf 75' lang='lat' dir='ltr'>ex</span> 
     </span>
     <span class='ocr_line' id='line_1_37' title="bbox 110 2501 1414 2555; baseline 0.003 -12"><span class='ocrx_word' id='word_1_335' title='bbox 110 2505 234 2542; x_wconf 87' lang='lat' dir='ltr'>multis</span> <span class='ocrx_word' id='word_1_336' title='bbox 251 2516 388 2555; x_wconf 72' lang='lat' dir='ltr'>pauesc,</span> <span class='ocrx_word' id='word_1_337' title='bbox 416 2515 536 2553; x_wconf 79' lang='lat' dir='ltr'>caeque</span> <span class='ocrx_word' id='word_1_338' title='bbox 554 2515 626 2538; x_wconf 89' lang='lat' dir='ltr'>non</span> <span class='ocrx_word' id='word_1_339' title='bbox 647 2503 756 2539; x_wconf 84' lang='lat' dir='ltr'>modo</span> <span class='ocrx_word' id='word_1_340' title='bbox 774 2501 878 2539; x_wconf 89' lang='lat' dir='ltr'>succo</span> <span class='ocrx_word' id='word_1_341' title='bbox 897 2513 931 2539; x_wconf 81' lang='lat' dir='ltr'>et</span> <span class='ocrx_word' id='word_1_342' title='bbox 948 2502 1134 2554; x_wconf 82' lang='lat' dir='ltr'>sanguine,</span> <span class='ocrx_word' id='word_1_343' title='bbox 1161 2521 1283 2546; x_wconf 87' lang='lat' dir='ltr'>verum</span> <span class='ocrx_word' id='word_1_344' title='bbox 1302 2510 1414 2549; x_wconf 84' lang='lat' dir='ltr'>etiam</span> 
     </span>
     <span class='ocr_line' id='line_1_38' title="bbox 111 2561 1416 2613; baseline 0.004 -12"><span class='ocrx_word' id='word_1_345' title='bbox 111 2565 236 2601; x_wconf 86' lang='lat' dir='ltr'>habitu</span> <span class='ocrx_word' id='word_1_346' title='bbox 268 2577 308 2600; x_wconf 88' lang='lat' dir='ltr'>ac</span> <span class='ocrx_word' id='word_1_347' title='bbox 337 2561 468 2613; x_wconf 87' lang='lat' dir='ltr'>specie,</span> <span class='ocrx_word' id='word_1_348' title='bbox 501 2571 540 2599; x_wconf 89' lang='lat' dir='ltr'>ut</span> <span class='ocrx_word' id='word_1_349' title='bbox 558 2561 608 2598; x_wconf 90' lang='lat' dir='ltr'>ita</span> <span class='ocrx_word' id='word_1_350' title='bbox 636 2561 772 2603; x_wconf 79' lang='lat' dir='ltr'>dicam,</span> <span class='ocrx_word' id='word_1_351' title='bbox 805 2562 1029 2600; x_wconf 81' lang='lat' dir='ltr'>Graecanicae</span> <span class='ocrx_word' id='word_1_352' title='bbox 1054 2565 1184 2602; x_wconf 80' lang='lat' dir='ltr'>fabulae</span> <span class='ocrx_word' id='word_1_353' title='bbox 1215 2568 1416 2611; x_wconf 82' lang='lat' dir='ltr'>vestiendae.</span> 
     </span>
     <span class='ocr_line' id='line_1_39' title="bbox 113 2621 1418 2681; baseline 0.002 -20"><span class='ocrx_word' id='word_1_354' title='bbox 113 2625 199 2681; x_wconf 63' lang='lat' dir='ltr'>Quo</span> <span class='ocrx_word' id='word_1_355' title='bbox 235 2623 310 2673; x_wconf 86' lang='lat' dir='ltr'>ipso</span> <span class='ocrx_word' id='word_1_356' title='bbox 341 2633 377 2660; x_wconf 88' lang='lat' dir='ltr'>et</span> <span class='ocrx_word' id='word_1_357' title='bbox 409 2621 582 2659; x_wconf 82' lang='lat' dir='ltr'>novitatis</span> <span class='ocrx_word' id='word_1_358' title='bbox 611 2621 711 2658; x_wconf 81' lang='lat' dir='ltr'>aliud</span> <span class='ocrx_word' id='word_1_359' title='bbox 745 2635 857 2672; x_wconf 84' lang='lat' dir='ltr'>genus</span> <span class='ocrx_word' id='word_1_360' title='bbox 884 2622 1121 2673; x_wconf 82' lang='lat' dir='ltr'>consequutus</span> <span class='ocrx_word' id='word_1_361' title='bbox 1150 2627 1196 2662; x_wconf 81' lang='lat' dir='ltr'>est</span> <span class='ocrx_word' id='word_1_362' title='bbox 1225 2632 1344 2676; x_wconf 71' lang='lat' dir='ltr'>poeta,</span> <span class='ocrx_word' id='word_1_363' title='bbox 1379 2639 1418 2667; x_wconf 87' lang='lat' dir='ltr'>et</span> 
     </span>
     <span class='ocr_line' id='line_1_40' title="bbox 111 2681 1418 2737; baseline 0.002 -17"><span class='ocrx_word' id='word_1_364' title='bbox 111 2683 298 2737; x_wconf 78' lang='lat' dir='ltr'>permixtis</span> <span class='ocrx_word' id='word_1_365' title='bbox 317 2683 409 2720; x_wconf 84' lang='lat' dir='ltr'>inter</span> <span class='ocrx_word' id='word_1_366' title='bbox 426 2681 461 2720; x_wconf 89' lang='lat' dir='ltr'>se</span> <span class='ocrx_word' id='word_1_367' title='bbox 494 2681 713 2732; x_wconf 82' lang='lat' dir='ltr'>illigatisque</span> <span class='ocrx_word' id='word_1_368' title='bbox 742 2682 871 2719; x_wconf 84' lang='lat' dir='ltr'>fabulis</span> <span class='ocrx_word' id='word_1_369' title='bbox 903 2682 1042 2720; x_wconf 82' lang='lat' dir='ltr'>Graecis</span> <span class='ocrx_word' id='word_1_370' title='bbox 1076 2684 1284 2736; x_wconf 78' lang='lat' dir='ltr'>Italicisque</span> <span class='ocrx_word' id='word_1_371' title='bbox 1311 2702 1418 2725; x_wconf 81' lang='lat' dir='ltr'>orna.</span> 
     </span>
     <span class='ocr_line' id='line_1_41' title="bbox 113 2741 1431 2795; baseline 0.004 -16"><span class='ocrx_word' id='word_1_372' title='bbox 113 2752 233 2780; x_wconf 83' lang='lat' dir='ltr'>menta</span> <span class='ocrx_word' id='word_1_373' title='bbox 262 2741 386 2779; x_wconf 87' lang='lat' dir='ltr'>habuit</span> <span class='ocrx_word' id='word_1_374' title='bbox 416 2741 453 2777; x_wconf 88' lang='lat' dir='ltr'>in</span> <span class='ocrx_word' id='word_1_375' title='bbox 482 2750 627 2792; x_wconf 88' lang='lat' dir='ltr'>promtu</span> <span class='ocrx_word' id='word_1_376' title='bbox 653 2755 733 2791; x_wconf 78' lang='lat' dir='ltr'>quae</span> <span class='ocrx_word' id='word_1_377' title='bbox 760 2754 825 2792; x_wconf 88' lang='lat' dir='ltr'>pro</span> <span class='ocrx_word' id='word_1_378' title='bbox 842 2741 960 2779; x_wconf 88' lang='lat' dir='ltr'>lubitu</span> <span class='ocrx_word' id='word_1_379' title='bbox 990 2753 1050 2779; x_wconf 88' lang='lat' dir='ltr'>aut</span> <span class='ocrx_word' id='word_1_380' title='bbox 1078 2745 1229 2782; x_wconf 88' lang='lat' dir='ltr'>confilio</span> <span class='ocrx_word' id='word_1_381' title='bbox 1247 2747 1431 2795; x_wconf 57' lang='lat' dir='ltr'>adhibere</span> 
     </span>
     <span class='ocr_line' id='line_1_42' title="bbox 112 2793 1420 2859; baseline 0.005 -21"><span class='ocrx_word' id='word_1_382' title='bbox 112 2802 234 2859; x_wconf 69' lang='lat' dir='ltr'>posset.</span> <span class='ocrx_word' id='word_1_383' title='bbox 286 2801 504 2855; x_wconf 84' lang='lat' dir='ltr'>Originibus</span> <span class='ocrx_word' id='word_1_384' title='bbox 522 2811 640 2843; x_wconf 81' lang='lat' dir='ltr'>autem</span> <span class='ocrx_word' id='word_1_385' title='bbox 659 2802 875 2853; x_wconf 86' lang='lat' dir='ltr'>populorum</span> <span class='ocrx_word' id='word_1_386' title='bbox 893 2812 929 2840; x_wconf 90' lang='lat' dir='ltr'>et</span> <span class='ocrx_word' id='word_1_387' title='bbox 947 2802 1088 2841; x_wconf 80' lang='lat' dir='ltr'>urbium</span> <span class='ocrx_word' id='word_1_388' title='bbox 1108 2803 1223 2842; x_wconf 79' lang='lat' dir='ltr'>Italiae</span> <span class='ocrx_word' id='word_1_389' title='bbox 1240 2819 1260 2842; x_wconf 87' lang='lat' dir='ltr'>a</span> <span class='ocrx_word' id='word_1_390' title='bbox 1279 2793 1420 2846; x_wconf 67' lang='lat' dir='ltr'>Graecis</span> 
     </span>
    </p>

    <p class='ocr_par' dir='ltr' id='par_1_7' title="bbox 226 2860 1418 2919">
     <span class='ocr_line' id='line_1_43' title="bbox 226 2860 1418 2919; baseline 0 -13"><span class='ocrx_word' id='word_1_391' title='bbox 226 2879 229 2883; x_wconf 56' lang='lat'><strong><em>¹</em></strong></span> <span class='ocrx_word' id='word_1_392' title='bbox 525 2881 528 2883; x_wconf 88' lang='lat'>·</span> <span class='ocrx_word' id='word_1_393' title='bbox 586 2863 588 2866; x_wconf 40' lang='lat'>⁵</span> <span class='ocrx_word' id='word_1_394' title='bbox 801 2879 806 2883; x_wconf 82' lang='lat'>·</span> <span class='ocrx_word' id='word_1_395' title='bbox 830 2878 834 2882; x_wconf 88' lang='grc'><strong>’</strong></span> <span class='ocrx_word' id='word_1_396' title='bbox 897 2862 925 2881; x_wconf 66' lang='grc'><strong>”</strong></span> <span class='ocrx_word' id='word_1_397' title='bbox 1118 2860 1123 2866; x_wconf 76' lang='grc'><strong><em>’</em></strong></span> <span class='ocrx_word' id='word_1_398' title='bbox 1171 2861 1174 2865; x_wconf 57' lang='grc'><em>’</em></span> <span class='ocrx_word' id='word_1_399' title='bbox 1242 2868 1418 2919; x_wconf 83' lang='lat' dir='ltr'>repetitis,</span> 
     </span>
    </p>
   </div>
  </div>
 </body>
</html>
