1847 3313
474 291 567 334 218
635 285 1131 335 P.V1RG1L11
1199 268 1609 336 MARoNis

472 421 631 468 Insula
655 420 893 468 Sicanium
909 419 1047 483 juxta
1070 422 1190 469 latus
1217 423 1521 486 AEoliamque

471 513 689 576 Erigitur
714 511 932 574 Liparen,
955 512 1246 560 fumantibus
1271 515 1415 561 ardua
1440 514 1584 562 saxis:

473 604 634 668 Qam
659 602 810 648 subter
832 601 992 666 specus
1017 615 1062 650 er
1087 604 1355 666 Cyclopum
1379 604 1511 650 exesa
1535 605 1735 662 caminis

471 696 625 741 Antra
649 693 835 740 AEtnaea
857 705 1036 752 tonant,
1061 696 1299 758 validique
1323 695 1577 743 incudibus
1602 698 1722 744 ictus

469 785 642 832 Auditi
658 784 867 832 referunt
880 787 1134 850 gemitum,
1154 787 1446 850 striduntque
1460 789 1668 834 cavernis
1686 804 1782 847 420

470 876 712 924 Stricsturae
738 875 1022 937 Chalybum,
1058 887 1104 921 et
1126 873 1394 922 fornacibus
1417 876 1540 941 ignis
1562 878 1747 926 anhelat
1764 899 1797 935 ;*

512 1014 588 1052 416.
613 1015 744 1046 Sicanum
761 1013 905 1046 Parthas.
931 1021 961 1045 et
978 1014 1116 1048 Dorvill.
1144 1015 1218 1046 Non
1242 1014 1335 1053 male,
1351 1015 1407 1046 nisi
1433 1015 1622 1049 haberemus
1637 1016 1781 1059 exempla,

468 1063 537 1107 sup.
567 1066 620 1102 ΙΙΙ,
643 1065 717 1106 692.
740 1067 765 1104 1,
792 1075 865 1105 557.

956 1075 1030 1106 417.
1066 1069 1201 1108 Liparcm
1232 1067 1354 1108 aliquot
1380 1068 1491 1100 Burm.
1538 1070 1648 1112 Lipare
1678 1069 1775 1099 Rom.

469 1117 630 1155 --4ι8.
647 1117 746 1161 subtus
769 1117 890 1160 aliquot
920 1117 1004 1150 Pier.
1051 1119 1129 1161 exosa
1157 1118 1255 1149 Goth.
1284 1119 1342 1149 sec.
1367 1120 1418 1161 Jo.
1448 1119 1616 1151 Schrader.
1650 1119 1777 1150 emend.

467 1169 564 1211 exusta
590 1176 625 1200 ut
643 1168 740 1201 Ovid.
759 1170 816 1207 lv,
845 1168 926 1198 Fast.
954 1177 1029 1208 473.
1076 1170 1143 1199 Cur
1171 1176 1278 1200 tamen
1306 1169 1394 1210 epico
1420 1174 1527 1211 poetae
1553 1180 1616 1201 non
1641 1170 1779 1201 alterum

467 1220 573 1252 dicere
589 1218 702 1250 licuit?
725 1219 837 1250 maluit
854 1219 950 1250 etiam
967 1219 1061 1249 Silius
1077 1220 1170 1257 XIV,
1191 1229 1245 1258 57.
1293 1220 1365 1264 exesi)
1390 1221 1425 1251 de
1449 1224 1568 1258 vertice,
1591 1221 1692 1263 sicque
1709 1220 1777 1254 alii.

467 1281 544 1312 419.
567 1273 684 1306 AEffla,
703 1271 840 1307 Erheum,
859 1270 1033 1311 depravatt.
1071 1270 1171 1315 sonant
1187 1270 1281 1301 multi
1299 1282 1348 1313 ap.
1366 1272 1475 1304 Burm.
1496 1283 1568 1303 curn
1583 1272 1683 1304 Goth.
1700 1279 1776 1304 tert.

466 1323 627 1365 validffque
652 1329 716 1351 tres
743 1321 933 1351 recentiores
958 1320 1086 1351 ibidem.
1132 1323 1191 1352 {His
1216 1322 1299 1352 Gud⁴
1318 1333 1334 1352 a
1352 1332 1395 1352 m.
1424 1334 1473 1364 pr.

1564 1333 1638 1360 420.
1656 1325 1777 1366 gemr‘tux

466 1373 590 1403 Medic.
617 1381 689 1402 cum
705 1371 774 1401 aliis
790 1371 899 1402 Heius.
941 1374 1061 1413 gemitus
1087 1373 1214 1412 referunt
1232 1372 1324 1404 Leid.
1373 1386 1398 1403 r.
1415 1373 1532 1414 sonitum
1556 1374 1668 1404 Parrh.
1705 1375 1779 1416 stri-

464 1424 560 1467 dfntq.
581 1422 697 1454 Medic.
725 1421 872 1465 (tride‘ntq.
900 1421 1079 1463 superpicih)
1098 1421 1127 1463 u)
1151 1429 1182 1452 et
1201 1422 1325 1452 Vratiss.
1345 1433 1418 1453 cum
1435 1423 1532 1456 Goth.
1551 1424 1610 1455 sec.

1700 1420 1775 1463 42'1.

466 1475 749 1517 Strufiuraefflriaa
759 1485 798 1510 re,
817 1472 923 1515 stupor
939 1471 1144 1503 librariorum
1162 1472 1262 1503 Goth.
1281 1473 1338 1503 sec.
1355 1480 1385 1503 et
1402 1481 1477 1505 tert.

517 1584 594 1634 416
613 1583 688 1634 sqq.
716 1583 758 1619 In
777 1583 832 1620 his
850 1584 895 1621 ad
911 1583 1083 1633 majorem

464 1635 681 1686 elegantiam
701 1635 844 1672 refinxit
870 1635 1085 1680 Homerica,

464 1688 504 1725 in
531 1686 660 1738 quibus
688 1686 843 1724 Vulcani
876 1686 1019 1730 officina
1046 1686 1084 1723 in

464 1739 541 1788 Oly
518 1751 628 1790 ympo
655 1739 868 1785 collocatur.
905 1737 1013 1776 Iliad.
1047 1757 1084 1782 σ,

466 1791 555 1840 369.
609 1790 707 1827 Cum
724 1794 839 1840 po'etae
854 1800 987 1826 veteres
1006 1791 1086 1827 loca

463 1851 500 1878 et
519 1840 651 1878 insulas
667 1840 835 1878 Vulcano
854 1841 1084 1891 assignassent,

463 1906 544 1943 quae
567 1891 802 1930 subterraneis
818 1892 962 1942 ignibus
981 1903 1085 1929 nota-

462 1944 552 1981 biles
573 1953 675 1980 erant
707 1945 927 1994 (exemplum
954 1944 992 1980 in
1012 1944 1086 1994 ipsa

463 1995 603 2032 Lemno
637 1995 733 2044 apud
767 1995 970 2033 Homerum
1004 1997 1085 2042 est),

461 2047 569 2084 licuit
587 2048 702 2096 poe'tae
735 2060 842 2084 unam
874 2059 918 2083 ex
953 2047 1085 2087 AEoliis

462 2099 520 2135 vel
545 2097 733 2135 Vulcaniis
751 2112 894 2148 ponere,
915 2097 1082 2144 Hieram,

461 2163 570 2201 quarn
587 2149 821 2194 Vuloeniam,
841 2160 934 2199 Hom
939 2150 1082 2196 στιάὲκ,

463 2202 618 2252 appellat
629 2201 810 2238 communi
822 2203 980 2247 nornine,
992 2213 1082 2239 tam-

458 2266 568 2303 quam
587 2253 774 2303 singulari,
801 2253 846 2290 Li
837 2267 942 2304 parae
959 2254 1083 2304 proxi-

460 2318 574 2349 mam,
616 2315 739 2341 monte
768 2305 982 2349 mirabilem,
1018 2305 1081 2356 qui

459 2357 652 2393 noeturnas
678 2355 836 2393 flammas
866 2357 1014 2394 evomit.
1047 2370 1081 2396 v.

460 2409 602 2446 Aueior
619 2407 735 2444 AEtnae
751 2408 826 2456 436
846 2407 897 2458 sq.
910 2419 945 2445 et
963 2407 1082 2458 primo

457 2461 542 2497 loco
559 2460 734 2508 scymnus
753 2459 869 2496 Chius
896 2473 941 2510 25
947 2460 970 2496 6
1002 2460 1079 2510 sqq.

460 2511 577 2562 Egere
609 2511 654 2547 de
679 2523 719 2547 ea
739 2511 842 2547 multi
859 2512 933 2560 post
950 2511 1083 2548 Cluve-

458 2576 570 2601 num.
601 2561 698 2599 conf.
721 2561 879 2599 Dorvill.
909 2563 1082 2611 Siculap.

460 2626 524 2653 20.
545 2628 587 2652 21
621 2623 659 2650 et
684 2614 758 2662 jam
788 2623 869 2650 ante
886 2614 931 2650 ad
948 2614 1081 2650 Chari-

457 2675 536 2704 ton.
573 2679 609 2715 p.
643 2666 731 2702 688.
785 2664 969 2715 Lipararu,
1000 2679 1077 2716 quae

457 2729 494 2756 et
512 2716 586 2767 ipsa
603 2716 691 2753 olim
709 2715 789 2753 arfit
810 2719 858 2764 (V.
887 2716 1010 2754 laudd.
1030 2717 1075 2753 ad

458 2770 569 2806 Auci.
606 2767 745 2805 Mirab.
780 2769 879 2805 Aud.
923 2781 956 2805 c.
1001 2782 1072 2819 35⁴;

458 2821 544 2858 add.
561 2832 595 2857 c.
616 2820 704 2869 37),
723 2819 968 2857 Callimachus
984 2819 1077 2856 Vul-

457 2871 539 2910 cani
557 2870 741 2910 officinam
769 2871 934 2910 ediderat
964 2871 1077 2910 Dian.

1153 1584 1201 1633 46
1229 1582 1321 1633 sqq„
1351 1583 1414 1621 ubi
1432 1599 1468 1621 v.
1502 1583 1709 1635 Spanhem„
1740 1593 1776 1621 et

1151 1636 1221 1672 sive
1235 1635 1326 1671 hane
1346 1635 1423 1682 sive
1437 1635 1587 1672 Hieram
1608 1636 1670 1673 sub
1697 1639 1775 1676 urica

1150 1698 1200 1724 πὶ
1204 1693 1332 1734 ayn-5315
1351 1688 1496 1726 nornine
1510 1687 1682 1738 Apollon.
1703 1689 1775 1734 HI,

1151 1753 1214 1788 47..
1244 1738 1280 1774 V
1285 1739 1340 1775 ul
1332 1751 1451 1776 anum
1465 1739 1660 1789 Liparaeum
1674 1741 1774 1777 The-

1151 1803 1226 1828 ocr.
1259 1790 1316 1827 Id.
1336 1789 1389 1834 H,
1428 1804 1510 1848 1335
1548 1804 1620 1840 134
1647 1792 1772 1829 dixit:

1151 1841 1212 1878 hic
1244 1855 1306 1892 qui
1296 1818 1390 1878 {deni
1408 1842 1570 1879 omnium
1603 1854 1777 1893 opportu-

1150 1893 1302 1937 nissime,
1331 1903 1510 1943 tamquam
1541 1893 1694 1933 Siculus.
1722 1895 1773 1934 cf.

1151 1944 1299 1981 Excurs.
1326 1943 1406 1980 lad
1428 1946 1511 1982 AEn.
1531 1944 1563 1982 I.
1616 1949 1773 1997 erigitur,

1153 2005 1191 2032 ut
1226 1996 1328 2040 alias,
1350 1999 1481 2053 fragif,
1518 1997 1559 2033 sit
1563 2010 1582 2032 a
1615 1998 1676 2042 est,
1712 1998 1772 2035 sed

1151 2060 1234 2094 cum
1250 2047 1433 2084 notatione
1449 2048 1772 2108 montium.51.19.

1149 2109 1222 2136 aar]
1215 2114 1253 2135 a
1281 2099 1423 2137 AEtnaea
1453 2099 1477 2136 s
1482 2101 1567 2150 mpl
1596 2114 1661 2150 pro
1678 2102 1774 2151 igni-

1150 2164 1248 2186 voiin
1252 2164 1281 2194 3,
1312 2149 1392 2200 quis
1422 2151 1579 2195 dubitet,
1608 2166 1626 2188 a
1646 2152 1770 2190 fimili-

1151 2201 1288 2239 tudine.
1346 2202 1474 2239 Aliena
1492 2202 1586 2247 sunt,
1615 2217 1696 2253 quae
1725 2204 1772 2242 de

1149 2254 1259 2290 antris
1273 2253 1531 2290 subterraneis*
1520 2265 1612 2291 mter
1623 2255 1768 2293 AEtnam

1148 2315 1183 2341 et
1203 2305 1353 2341 Hieram
1370 2306 1553 2342 continuat
1558 2306 1586 2342 is
1603 2306 1769 2357 suspicati

1148 2356 1227 2393 sunt
1243 2356 1419 2393 nonnulli.
1475 2357 1665 2405 Ejusmodi
1684 2372 1767 2395 acu-

1149 2421 1229 2445 men
1242 2412 1349 2457 po'eta
1369 2421 1441 2444 non
1455 2407 1626 2458 sequitur.
1679 2423 1775 2458 420.

1148 2473 1236 2509 421.
1252 2458 1384 2495 Ornati
1403 2459 1532 2497 versus.
1553 2460 1768 2510 Comparari

1148 2511 1261 2560 potest
1279 2510 1432 2548 Callim.
1453 2511 1535 2548 Del.
1561 2525 1656 2562 1443
1676 2513 1769 2550 adde

1150 2562 1261 2598 Dian.
1301 2576 1360 2613 55.
1407 2566 1475 2613 rcfi
1459 2574 1554 2599 runt
1581 2570 1766 2615 gemitum3

1147 2623 1312 2664 repetunt
1331 2613 1455 2649 sonum
1475 2614 1510 2651 11.
1530 2615 1694 2652 resonant
1706 2628 1769 2666 per

1147 2675 1248 2701 antra
1260 2665 1349 2701 161113
1361 2664 1545 2703 incudum.
1577 2669 1767 2724 stria-Yuroe,

1144 2729 1231 2765 quas
1247 2725 1371 2753 ornate
1390 2716 1501 2768 Chal
1505 2717 1579 2754 bum
1598 2717 1693 2754 dixit
1713 2722 1767 2766 (V.

1145 2767 1287 2817 Georg.
1307 2767 1338 2805 Ι.
1376 2769 1465 2817 58),
1499 2782 1570 2805 11011
1587 2768 1721 2806 sunth.
1740 2769 1767 2809 l.

1143 2836 1206 2856 σπ.
1201 2818 1265 2856 137
1252 2837 1300 2869 ,ξε
1289 2837 1332 2863 ς,
1351 2831 1413 2855 nec
1436 2833 1514 2869 quae
1531 2819 1674 2871 proprie
1692 2833 1768 2857 me-

1144 2871 1230 2909 talla
1262 2871 1449 2915 dicuntur,
1483 2871 1579 2910 unde
1597 2885 1642 2909 aes
1659 2884 1769 2908 exco-

1626 2932 1767 2974 quitur,
