1847 3313
420 315 481 369 92

619 302 673 351 P.
710 302 1102 352 VIRGILII

1171 306 1564 356 MARONIS

418 433 638 498 InsigniS‚
672 435 840 482 reserat
865 435 1104 483 stridentia
1124 437 1293 485 limina
1319 440 1523 496 Consu13

419 525 527 587 Ipse
551 537 688 572 vocat
706 541 904 588 pugnas,
938 526 1149 590 sequitur
1171 529 1287 575 dum
1306 544 1476 577 caetera
1500 532 1667 595 pubes,

417 612 654 677 AEreaque
676 615 868 661 adsensu
894 618 1168 680 conspirant
1188 635 1363 665 cornua
1387 637 1543 668 rauco.

1639 622 1730 690 615

415 701 532 750 Hoc
557 715 602 749 et
631 716 731 750 tum
758 703 982 751 AEneadis
1008 706 1217 753 indicere
1239 707 1363 753 bella
1389 707 1588 757 Latinus

419 792 851 855 Morejubebatu1·‚
885 793 1120 856 tristisque
1142 796 1382 842 recludere
1403 810 1580 860 portas.

417 883 662 930 Abstinuit
686 883 808 928 tactu
830 896 978 944 pater,
1012 884 1287 947 aversusque
1310 886 1489 950 refugit

416 973 571 1022 Foeda
593 971 864 1029 ministeria,
897 984 942 1018 ct
966 973 1109 1021 caecis
1137 975 1182 1022 se
1202 977 1420 1024 condidit
1441 979 1638 1028 umbris,

416 1064 551 1112 Tum
574 1064 735 1127 regina
757 1063 900 1110 deum
924 1065 1052 1111 coelo
1070 1066 1258 1129 delapsa
1280 1069 1508 1115 morantis

1641 1070 1740 1123 620

416 1154 602 1217 Inpulit
623 1152 722 1215 ipsa
747 1168 887 1199 manu
914 1165 1087 1216 portam,
1123 1166 1169 1201 et
1191 1156 1384 1203 cardine
1408 1157 1540 1206 verso

416 1246 540 1295 Belli
561 1244 753 1292 ferratos
776 1246 904 1308 rupit
928 1245 1144 1294 Saturnia
1166 1247 1338 1311 postes,

461 1379 536 1419 613.
549 1379 682 1422 stridenti
691 1379 786 1409 limine
799 1379 880 1421 conj.
894 1381 1015 1417 Burni„
1036 1388 1219 1421 perperam.
1263 1381 1326 1418 has,
1336 1381 1395 1423 ſsr.
1410 1382 1519 1420 limina,
1539 1392 1577 1413 ex
1594 1382 1737 1425 appofito

417 1432 512 1464 dixit.
557 1430 622 1462 Etsi
635 1430 831 1472 praecefferat
848 1441 879 1463 v.
899 1430 963 1461 610
974 1433 1077 1460 limine.

1123 1431 1263 1462 Deberet
1281 1431 1341 1462 esse
1357 1432 1510 1474 scriptum
1525 1427 1657 1477 strident)
1670 1447 1737 1465 cara

419 1486 502 1516 dinc:
528 1493 641 1513 verum
661 1483 721 1513 hoc
735 1483 778 1514 est
791 1487 925 1524 poetam
936 1482 969 1512 in
985 1481 1131 1512 ordinem
1148 1493 1275 1524 cogere²
1296 1494 1360 1515 non
1377 1484 1443 1526 ejus
1459 1481 1631 1516 leffi'onem
1647 1486 1737 1518 resti-

418 1545 520 1568 tuere.
614 1535 687 1572 614.
719 1549 778 1566 cum

417 1589 530 1619 Franc.
573 1594 681 1618 acca-:tu
710 1587 793 1627 conj.
820 1586 929 1617 Heius.

418 1692 496 1732 619.
521 1691 609 1721 antris
625 1688 762 1720 Dorvill.

417 1744 493 1777 Ιεόὶ.

419 1793 564 1827 Parthas.
579 1804 597 1823 a
612 1803 657 1824 m.
677 1802 728 1833 pr.

417 1888 544 1926 trabea
577 1889 745 1926 vestiebat
776 1888 854 1939 sup.
891 1903 926 1926 v.
961 1892 1044 1941 187.

424 1953 439 1978 1
450 1942 511 1978 88.
539 1947 705 1992 cinc‘quue
717 1941 866 1985 Gabino,
880 1955 899 1978 a
912 1941 1046 1979 Gabiis

418 1992 589 2029 transsato
605 2003 640 2029 et
652 1992 757 2029 sacris
771 1992 922 2030 servato.
953 1993 1048 2031 Bene

419 2043 582 2087 Servius,
614 2044 677 2093 qui
710 2044 746 2081 ii·
767 2045 903 2082 caeteris
938 2057 1046 2095 argu-

420 2104 538 2132 tatur.
566 2097 703 2155 logafic
716 2111 750 2131 m
764 2107 893 2146 tergum
908 2100 1046 2148 reseda,

419 2159 456 2184 ut
474 2153 541 2184 ima
567 2163 635 2198 esus
652 2148 775 2185 lacinia
793 2164 816 2184 a
842 2160 872 2184 le
875 2164 930 2199 rgo
949 2164 1045 2185 γετο-

418 2208 498 2236 cata
516 2193 673 2236 hominem
687 2205 816 2249 cingat,
829 2199 940 2247 ſsmzcl
947 2210 1048 2249 caput

419 2260 511 2300 tegat
528 2261 559 2287 et
573 2250 715 2287 ambiat.
769 2250 892 2287 Obvia
926 2264 979 2288 res
1006 2251 1045 2288 in

418 2312 507 2340 iett.
525 2300 783 2345 monumentis,
809 2301 1047 2353 inprimisque

419 2352 461 2390 in
479 2353 613 2390 numiS.
665 2364 766 2390 evocat
794 2364 960 2404 pugnas:
1005 2363 1046 2390 ut

418 2404 496 2456 sup.
531 2418 566 2443 v.
602 2418 634 2441 c.
667 2404 741 2448 111,
776 2416 847 2454 253
883 2417 1051 2443 vocantur

418 2463 533 2498 ezenti,
562 2455 649 2493 velis
666 2433 826 2505 expansis
856 2456 1046 2507 excipiun-

418 2517 494 2551 tur,
522 2507 573 2546 ita
587 2521 680 2544 nunc
697 2508 883 2557 pugnandi
898 2509 1048 2558 potestas

418 2558 544 2602 datur,
570 2570 605 2596 et
623 2559 843 2602 admittitur
871 2558 1049 2596 indicitur

418 2611 567 2650 bellum.
608 2611 703 2648 Mox
723 2623 756 2647 v.
776 2610 848 2661 615
869 2611 1047 2648 clafficum

418 2662 575 2700 canitur.
630 2661 712 2699 Nec
743 2670 861 2697 tamen
894 2661 1046 2700 interce-

419 2715 486 2756 do,
516 2715 539 2750 fi
557 2713 636 2764 quis
655 2725 789 2750 morem
820 2713 1046 2751 reconditum

419 2774 456 2806 et
484 2766 676 2803 formulam
708 2764 900 2801 sollennem
921 2765 1049 2816 respici

419 2817 538 2865 (licat,
564 2830 636 2868 qua
670 2816 710 2854 in
738 2815 927 2854 reserando
953 2817 1050 2869 Jano

804 1536 867 1566 duo
896 1536 1170 1576 Burm.--615.
1204 1538 1311 1578 accessu
1342 1538 1476 1579 Menag.
1507 1549 1557 1580 pr.
1604 1539 1639 1568 ab
1654 1540 1738 1580 firfit

1018 1588 1055 1618 61
1083 1611 1091 1618 .

417 1641 484 1673 alii.
529 1640 667 1670 excludere
680 1638 740 1669 Ed.
761 1637 900 1669 Mediol.
915 1646 944 1668 et
959 1597 1125 1681 Goth.7pr.

1123 1589 1268 1618 videbatur
1292 1589 1355 1619 duo
1379 1589 1490 1621 Burm.
1532 1593 1654 1621 reducere
1672 1591 1737 1622 duo

1214 1639 1289 1670 618.
1314 1641 1444 1685 ad-verfics
1456 1649 1520 1672 tres
1531 1642 1614 1683 apud
1626 1644 1733 1675 Burin.

856 1690 930 1720 620.
952 1690 1056 1734 dilapsa
1068 1692 1148 1720 Ven.
1192 1691 1218 1721 d.
1228 1697 1282 1731 per
1296 1703 1382 1720 auras
1393 1702 1442 1733 pr.
1462 1692 1582 1723 Hamb‘
1598 1704 1657 1735 pro
1666 1703 1734 1724 var.

586 1741 660 1773 622.
695 1742 800 1782 rumpit
829 1739 949 1772 Medic.
975 1751 1048 1773 cum
1079 1740 1160 1773 aliis.
1207 1749 1338 1784 rumpunt
1368 1742 1446 1774 duo.
1480 1746 1616 1785 ferratas
1637 1753 1735 1788 portas

1112 1890 1193 1929 usus
1212 1891 1254 1928 fit
1271 1892 1426 1938 Consul,
1453 1904 1492 1931 ut
1511 1895 1550 1932 in
1575 1909 1615 1933 ea
1633 1895 1736 1934 invo-

1112 1943 1248 1980 caverit
1266 1943 1425 1982 Martem
1459 1957 1495 1982 et
1514 1947 1669 1991 Bellum,
1695 1958 1733 1985 et

1112 1995 1249 2031 adstans
1266 1997 1461 2034 multitudo
1476 1999 1593 2036 verbis
1608 1998 1737 2036 sollen-

1113 2046 1221 2082 nibus
1239 2048 1485 2097 responderit:
1530 2051 1591 2087 etfi
1621 2064 1661 2087 ea
1688 2051 1735 2089 de

1113 2111 1150 2133 re
1168 2097 1312 2135 aliunde
1342 2099 1432 2136 nihil
1461 2114 1555 2138 nunc
1585 2103 1735 2141 constat.

1112 2148 1156 2185 In
1174 2149 1237 2185 vff.
1258 2151 1460 2188 616—622
1480 2153 1656 2190 orationis
1673 2168 1735 2192 co-

1109 2200 1208 2250 piam
1244 2202 1389 2238 observa
1424 2213 1460 2240 et
1494 2214 1660 2242 ornatum
1695 2206 1735 2242 in

1111 2251 1269 2302 lingulis.
1314 2253 1364 2291 cf.
1397 2254 1474 2306 sup.
1505 2255 1549 2292 ad
1588 2270 1623 2294 v.
1646 2260 1736 2296 601.

1113 2302 1254 2341 Pic'tura
1273 2303 1468 2355 fragmenti
1489 2307 1587 2344 Cod.
1610 2308 1736 2347 Vatic.

1111 2355 1156 2391 ad
1170 2369 1205 2393 v.
1223 2359 1297 2395 620
1313 2371 1448 2395 rnorem
1467 2358 1655 2408 antiquum
1669 2360 1736 2398 mi-

1110 2420 1176 2443 nus
1198 2409 1291 2444 τεᾶς
1309 2408 1444 2446 refert
1434 2423 1472 2447 in
1499 2412 1631 2460 templo
1649 2411 1737 2459 Jani

1110 2468 1145 2495 et
1157 2458 1307 2497 foribus.
1342 2474 1362 2496 v
1356 2460 1394 2498 s.
1412 2464 1498 2499 622.
1527 2461 1735 2502 Ennianum

1113 2511 1318 2560 exemplum
1345 2513 1500 2549 servavit
1532 2513 1674 2551 Servius
1690 2527 1735 2551 ex

1115 2562 1249 2599 Annal.
1271 2565 1436 2614 pqsiquam
1455 2565 1629 2616 Discordia
1647 2576 1736 2603 tetra

1115 2614 1360 2664 Belli-ferratos
1370 2617 1482 2665 pqsteis
1491 2619 1666 2675 portasque
1684 2634 1737 2655 re-

1099 2669 1187 2716 srg
1188 2676 1238 2712 1t3
1266 2666 1362 2702 unde
1379 2668 1486 2704 etiam
1503 2666 1736 2718 intelligitur,

1113 2717 1299 2766 quomodo
1328 2717 1536 2769 Virgilius
1526 2732 1565 2756 1n
1581 2720 1738 2768 Junonis

1113 2767 1350 2805 ministerium
1369 2769 1437 2807 hoc
1457 2770 1641 2810 inciderit.
1658 2773 1736 2810 Ad-

1114 2818 1287 2867 umbraffe
1298 2821 1425 2868 eadem
1442 2822 1584 2862 videtur
1601 2824 1737 2861 Statius

1560 2874 1593 2912 V
1615 2875 1738 2921 Theb*
