1847 3313
351 304 444 363 264
609 290 1115 346 EXCURSUS
1171 285 1355 336 11.111

352 431 518 483 praeclare
534 425 643 469 Vm,
666 437 750 475 357.
769 425 839 474 358
868 421 914 458 de
930 419 1072 458 duobus
1091 417 1273 456 montibus
1292 412 1462 461 janiculo
1479 418 1516 448 et
1538 406 1651 457 Capi-

354 490 469 529 tolino
487 502 494 524 :
535 488 633 522 Hanc
652 486 766 532 Jonas
780 492 895 532 pater,
925 480 1010 516 hanc
1030 480 1193 516 Saturnus
1211 474 1353 514 condidit
1368 487 1494 515 arcem,
1543 468 1652 518 Juni-

353 550 458 590 culum
473 548 562 589 huic,
581 543 760 595 illifitcrat
786 539 954 577 Saturnia
981 553 1108 576 nomen.

719 754 1179 800 EXCURSUS
1231 751 1305 791 111.

648 898 788 959 Super
818 893 1014 956 Etrtgscis
1044 901 1084 937 et
1118 887 1358 937 Mezentio.

413 1056 527 1102 VIII,
555 1060 627 1109 478
647 1056 723 1108 sqq.
752 1055 863 1106 Haud
869 1051 987 1105 procul
1002 1051 1080 1089 hinc
1092 1052 1182 1100 saxo
1200 1046 1351 1086 incolitur
1362 1044 1523 1096 fundata
1538 1042 1664 1090 vettsto

366 1116 471 1155 Urbis
488 1118 660 1170 Agyllinae
674 1117 783 1166 sedes,
809 1113 868 1151 ubi
883 1113 989 1162 Lydia
1007 1112 1167 1162 quondam
1186 1109 1276 1145 Gens
1294 1105 1376 1143 bello
1387 1103 1561 1155 praeclara
1567 1104 1665 1153 jugis

363 1179 478 1227 itgsedit
510 1178 595 1215 Etru
610 1181 665 1214 cis.
719 1175 819 1210 Hanc
849 1171 962 1209 multos
984 1172 1158 1218 florentem
1175 1181 1274 1204 annos
1294 1180 1352 1202 rex
1383 1163 1497 1200 deinde
1519 1158 1666 1211 superbo

365 1236 508 1286 Imperio
524 1246 554 1272 et
557 1239 669 1285 saevis
688 1238 790 1269 tenuit
807 1231 997 1267 Mezentius
1012 1235 1128 1265 armis.

419 1294 458 1331 Si
476 1295 564 1344 quid
582 1294 627 1330 de
645 1292 706 1330 suo
725 1291 857 1340 fingere
876 1289 967 1325 reste
984 1286 1101 1338 potuit
1118 1287 1238 1338 poeta,
1255 1292 1330 1321 erat
1343 1282 1418 1320 haec
1434 1277 1668 1317 Etruscorum

368 1368 451 1392 curn
470 1353 640 1402 'l‘rojanis
656 1351 817 1393 societas,
844 1362 925 1385 cum
945 1347 1050 1384 semel
1068 1346 1218 1397 populos
1231 1344 1323 1381 citra
1341 1339 1510 1380 Tiberim
1526 1336 1668 1374 Latinis

369 1424 406 1450 et
422 1413 568 1450 Rutulis
587 1412 701 1448 socios
718 1409 922 1447 addidiffet.
975 1405 1135 1442 Etruscis
1152 1414 1269 1441 autem
1289 1400 1484 1451 antiquitas
1502 1397 1615 1446 stirpis
1633 1405 1670 1432 et
1717 1415 1721 1418 ·

370 1473 515 1524 imperii
533 1471 644 1508 tribui
661 1470 748 1507 solet
761 1482 818 1512 ea,
832 1480 910 1517 quae
928 1479 998 1502 non
1014 1464 1252 1515 improbabile
1272 1460 1397 1503 faciat,
1410 1460 1485 1508 jam
1501 1455 1672 1505 Trojanis

371 1531 590 1582 temporibus
610 1543 670 1567 eos
696 1527 827 1578 opibus
853 1535 889 1561 et
921 1522 1039 1574 copiis
1068 1522 1149 1559 satis
1175 1520 1331 1559 valuisse.
1385 1517 1474 1554 Erat
1506 1525 1672 1567 praeterea

370 1591 519 1640 antiqua
537 1589 599 1626 illa
616 1586 798 1637 utriusque
814 1583 939 1635 populi
957 1581 1261 1632 consanguinitas,
1279 1590 1386 1629 quarn
1405 1576 1480 1626 sup.
1498 1576 1588 1613 Exc.
1613 1574 1670 1611 VI

372 1651 418 1688 ad
432 1649 496 1687 lib.
515 1649 572 1685 ΠΙ
587 1647 760 1689 vidimus,
779 1657 860 1681 cum
878 1642 1067 1679 Dardanus
1084 1640 1263 1689 originem
1281 1650 1325 1674 ex
1340 1635 1506 1685 Corytho
1523 1634 1674 1671 Etruriae¹

373 1709 509 1746 duxiffe
529 1708 692 1745 ferretur.
747 1702 889 1740 Habuit
912 1712 1030 1738 tamen
1047 1711 1082 1737 et
1106 1699 1166 1736 hic
1185 1702 1293 1749 poeta
1319 1696 1421 1732 famae
1448 1704 1675 1744 veterumque

374 1769 578 1808 fabularum
593 1765 858 1807 auetoritatem,
893 1775 1000 1812 quam
1019 1761 1240 1811 sequeretur3
1269 1769 1418 1806 eamque
1444 1755 1494 1791 ita
1511 1755 1677 1805 sequutus

375 1827 438 1870 est,
467 1836 505 1863 ut
525 1825 622 1862 nulla
639 1823 677 1860 in
696 1836 732 1860 re
751 1821 796 1858 ab
814 1834 858 1857 eo
875 1819 1090 1864 defleeieret,
1108 1818 1206 1868 quod
1221 1816 1399 1853 constante
1415 1813 1484 1851 fide
1501 1813 1675 1851 traditum

376 1896 574 1937 acceperat.
629 1882 778 1920 Scilicet
793 1879 977 1924 Etruscos,
996 1877 1296 1926 Mezentiumque
1311 1887 1436 1911 eorum
1455 1886 1590 1924 regem,
1616 1873 1676 1912 seu

377 1946 495 1983 verius
522 1944 770 1981 Lucumonem
815 1940 996 1989 (ςξατηιγῦν
1037 1936 1248 1974 Plutarchus
1281 1933 1435 1984 appellat
1458 1932 1533 1984 Q.
1566 1933 1679 1971 Rom.

378 2019 463 2056 pag.
492 2018 563 2056 ²75
594 2003 643 2040 D.
674 2002 734 2039 ed.
763 2000 873 2048 Frf.),
900 2013 984 2037 curn
1008 1997 1140 2035 Latino
1158 2006 1193 2032 et
1208 1994 1338 2031 Turno
1352 1992 1523 2041 Trojanis
1536 1993 1681 2031 advenis

379 2077 478 2102 arma
495 2061 805 2103 infestaintuliffe,
840 2060 1005 2096 constans
1022 2067 1097 2094 erat
1123 2064 1267 2105 accepta
1294 2067 1314 2089 a
1344 2052 1540 2103 majoribus
1569 2052 1681 2099 fama,

379 2122 442 2161 etfi
472 2122 616 2160 diversis
636 2120 752 2159 modis
781 2128 933 2156 narrata.
988 2116 1068 2154 Alii
1092 2115 1227 2153 vietum
1255 2113 1423 2151 Turnum
1450 2111 1680 2149 Etruscorum

381 2183 521 2221 auxilia
538 2180 736 2233 implorasse
758 2178 996 2219 tradiderant,
1025 2189 1114 2226 quos
1146 2173 1272 2211 Livius
1298 2172 1331 2217 I,
1366 2185 1386 2210 2
1407 2171 1505 2221 sequi
1530 2171 1680 2208 maluit:

382 2242 448 2279 alii
467 2242 598 2281 Turno
611 2241 686 2290 jam
703 2239 824 2276 occiso
839 2237 1006 2274 Etruscos
1022 2234 1185 2273 adversus
1198 2233 1381 2282 Trojanos
1397 2243 1495 2268 arma
1511 2229 1683 2277 sumfiffe3

384 2303 520 2342 facium
537 2302 601 2338 effe
615 2301 700 2342 hoc,
733 2312 817 2336 cum
836 2299 967 2338 AEneas
984 2295 1122 2346 aliquot
1145 2295 1220 2344 jam
1239 2305 1350 2329 annos
1367 2304 1515 2342 regnum
1533 2290 1683 2328 Latino-

385 2375 467 2400 rum
483 2359 669 2404 tenuiffet3
695 2357 915 2395 commissam
934 2367 1088 2406 pugnarn
1107 2352 1171 2390 sub
1191 2349 1338 2388 Lavinii
1357 2348 1548 2393 moenibus,
1575 2349 1684 2387 AEne·

386 2433 479 2471 aque
507 2419 545 2456 in
564 2417 726 2455 Numico
751 2414 932 2452 submerso
960 2412 1084 2451 urbem
1109 2409 1277 2449 obseffam
1303 2407 1518 2459 tandemque
1537 2401 1687 2447 Ascanii

388 2478 538 2518 confilio
555 2488 591 2516 et
608 2477 741 2514 virtute
755 2475 940 2512 liberatam
960 2489 970 2518 3
998 2470 1155 2510 Lausum
1170 2469 1297 2509 caesum
1316 2477 1521 2520 patremque
1536 2466 1686 2504 Mezen-

390 2541 483 2578 tium
502 2539 540 2576 in
563 2536 744 2576 Etruriam
762 2535 960 2573 dimissum.
1010 2533 1067 2569 Ita
1087 2545 1159 2569 rern
1178 2528 1414 2581 exposuerant
1433 2526 1477 2566 L.
1503 2526 1624 2566 Caesar
1650 2536 1686 2564 et

392 2601 443 2637 A.
462 2596 660 2635 Postumius
676 2595 713 2632 in
726 2594 819 2632 libro
832 2594 878 2631 de
905 2593 1060 2631 adventu
1085 2591 1222 2633 AEneae,
1248 2585 1384 2625 laudati
1401 2586 1447 2623 ab
1466 2586 1623 2623 Auctore
1640 2585 1688 2624 de

392 2658 502 2709 Orig.
519 2656 633 2694 Gent.
650 2655 761 2691 Rom.
777 2667 855 2705 cap.
879 2665 936 2700 14.
960 2665 970 2689 1
982 2664 1016 2702 5.
1061 2649 1214 2688 Eosdem
1233 2656 1293 2684 aut
1310 2645 1399 2684 alios
1412 2646 1586 2688 aunores,
1603 2658 1687 2685 nam

395 2720 571 2760 Catonem
599 2716 813 2769 potiffimum
842 2712 1014 2766 sequitur,
1050 2711 1147 2750 idem
1166 2709 1342 2748 tradentes
1358 2705 1519 2758 expressit
1533 2704 1690 2754 Dionys.

1562 2764 1691 2806 Halic-
