1847 3313
352 276 756 332 AENEmos,
807 273 956 326 ΜΒ.
1013 229 1150 318 νηί.

1325 286 1413 335 231

109 415 295 479 Thybri
315 412 474 478 pater!
512 410 711 458 Poscant
727 408 865 464 acies,
901 416 945 452 et
969 404 1147 451 foedera
1178 414 1419 465 rumpant.

176 506 302 553 Haec
320 503 543 552 ubidicsta
556 501 703 556 dedit,
728 498 845 546 solio
868 497 913 544 se
936 495 1065 542 tollit
1089 495 1148 541 ab
1165 494 1261 543 alto
1281 516 1292 548 ;
1333 508 1416 556 541

110 599 178 646 Et
197 596 410 660 primum
433 591 684 640 Herculeis
710 590 887 653 sopitas
908 585 1101 650 ignibus
1126 601 1226 631 aras

111 687 306 737 Excitat
329 684 690 745 hesternumque
715 680 906 737 Larem,
940 677 1200 741 parvosque
1225 676 1411 723 Penatis

157 839 233 869 540.
260 839 286 862 et
291 831 391 872 fidera
407 829 508 861 Goth,
528 835 604 860 tert.
651 836 678 858 et
693 828 772 868 secla
789 825 876 857 alter.

965 833 1038 864 542.
1067 826 1121 854 Me
1140 823 1172 853 in
1189 821 1333 854 Herculeis
1350 820 1423 862 igni-

113 881 166 913 boe's
189 882 322 919 haerere,
341 881 409 922 jam
423 880 457 912 in
467 879 552 911 notis
562 877 747 921 fignificavi.
795 877 941 919 Suspicor
968 876 1084 907 vitium
1101 874 1194 906 ineffe
1207 872 1423 904 scribendum·-

113 944 177 974 que
194 933 271 965 effe:
303 935 420 965 Herceis
449 932 573 974 ignibus.
624 930 803 962 Confirmat
829 940 880 960 me
906 928 1050 959 imitator
1078 926 1221 958 Maronis
1250 926 1421 955 Lucanus:

114 985 265 1022 Herceas,
286 984 448 1027 monstrator
470 985 524 1020 ait,
552 995 602 1013 non
626 981 733 1024 respicis
757 980 846 1011 aras?
889 980 978 1022 Jovis
993 981 1095 1013 Hercei
1117 979 1231 1020 religio
1246 977 1317 1009 satis
1338 983 1425 1013 nota,

117 1036 245 1077 ejusque
261 1045 351 1066 aram
367 1034 400 1065 in
412 1033 569 1076 penetrali
584 1032 680 1073 regiae
695 1031 819 1061 -Priami
831 1030 970 1060 vidimus
981 1030 1065 1071 apud
1077 1029 1219 1060 nostrum
1229 1037 1354 1069 quoque
1367 1025 1424 1056 lib.

115 1088 157 1124 Π,
171 1095 248 1125 512,
269 1085 324 1117 etfi
340 1085 470 1116 nomine
483 1084 544 1115 hoc
560 1094 626 1115 non
644 1082 839 1125 expressam:
865 1082 916 1113 sed
933 1093 964 1113 v.
984 1082 1026 1111 Τ.
1052 1082 1078 1110 11
1091 1080 1220 1112 Excurs.
1248 1080 1295 1109 XI
1312 1078 1351 1108 ad
1366 1077 1424 1108 lib.

114 1138 158 1174 ΙΙ,
184 1145 216 1169 et
243 1137 304 1168 viri
321 1136 409 1168 dosii
432 1135 554 1177 paflim,
579 1145 610 1165 v.
628 1146 655 1166 c.
680 1133 721 1165 ad
740 1133 835 1165 Ovid.
860 1133 991 1164 Heroid.
1013 1133 1086 1170 V11,
1108 1140 1182 1170 113,
1207 1131 1239 1161 in
1262 1130 1329 1160 Ibin
1347 1129 1423 1160 286.

116 1191 271 1222 Herculeas
283 1207 325 1214 -
333 1201 401 1220 aras
417 1189 518 1219 Dorv.

607 1197 684 1226 543.
718 1187 842 1230 Suscitat
873 1187 969 1218 Rom.
1000 1194 1030 1216 et
1058 1185 1200 1227 plerique
1230 1183 1324 1214 Pierii
1351 1193 1424 1217 cum

115 1248 207 1284 parte
224 1240 314 1272 codd.
353 1239 465 1271 Heins.
505 1247 538 1270 et
565 1239 688 1276 Burm„
717 1238 815 1268 etiam
846 1236 917 1268 edd.
951 1236 1125 1274 nonnullae,
1149 1242 1185 1265 ut
1213 1233 1320 1271 Bafil„
1339 1232 1427 1263 haud

116 1292 212 1323 dubie
232 1290 335 1332 magis
357 1290 397 1321 ad
419 1289 651 1332 proprietatem
677 1287 869 1324 verborum3
893 1286 946 1317 sed
962 1286 1106 1317 dubitare
1129 1285 1215 1323 licet,
1237 1295 1276 1314 an
1300 1295 1337 1315 ex
1356 1283 1427 1314 aliis

114 1341 205 1380 locis,
227 1350 263 1373 ut
289 1342 357 1383 sup.
376 1350 453 1378 410.
481 1342 524 1378 V,
553 1350 629 1380 743,
658 1339 843 1370 refinxerint
871 1337 1084 1380 grammatici.
1128 1347 1326 1378 externumque
1350 1346 1427 1377 pro-

113 1393 193 1425 clivi
209 1393 296 1436 lapsu
313 1399 344 1423 et
360 1391 457 1423 obvio
471 1393 569 1422 Rom.
589 1402 661 1422 cum
673 1391 742 1421 aliis
759 1391 855 1426 Pier.‚
871 1397 941 1420 tum
954 1391 1053 1426 Serv.,
1066 1399 1124 1430 pro
1136 1388 1202 1419 div.
1217 1387 1290 1418 lenst.
1308 1387 1427 1419 Medic.

115 1453 150 1476 ct
167 1444 290 1486 aliquot
306 1442 359 1474 alii
376 1442 486 1474 Heins-
504 1449 534 1473 et
552 1443 662 1473 Burm.
681 1451 754 1471 cum
765 1439 847 1470 binis
864 1439 964 1471 Goth.
985 1439 1024 1469 cf.
1043 1440 1082 1469 ad
1097 1437 1221 1468 Tibull.
1246 1438 1285 1475 ΙΙ,
1316 1447 1344 1474 1,
1372 1445 1426 1475 12,

116 1497 178 1529 vetfi
191 1496 334 1528 hocloco
346 1506 411 1526 nou
425 1495 666 1526 incommodum
679 1495 802 1526 sensum
814 1494 889 1525 facit
905 1503 913 1523 t
939 1502 1136 1534 externumque
1150 1493 1255 1525 Larem
1265 1489 1427 1532 parvosque

117 1552 240 1581 Penates
263 1550 366 1580 Laetus
392 1547 464 1585 adit,
499 1546 523 1578 fi
541 1547 677 1588 jungas:
717 1546 760 1577 est
776 1546 864 1577 enim
884 1544 997 1575 domus
1012 1542 1134 1573 externi
1148 1541 1299 1578 hominis,
1323 1551 1341 1571 a
1362 1550 1426 1581 quo

118 1599 259 1642 hospitio
275 1597 441 1639 excipitur.
490 1597 650 1641 patriosque
671 1599 806 1635 Penates,
831 1595 980 1627 notabilis
994 1593 1108 1635 lapsus,
1129 1603 1194 1622 non
1210 1592 1305 1622 leffio
1323 1590 1427 1630 Goth.

117 1651 177 1683 see.
193 1663 202 1689 3
225 1650 266 1682 fic
282 1650 362 1688 suos,
383 1648 554 1690 Trojanos‚
571 1659 635 1679 non
651 1648 804 1686 Evandri,
827 1650 961 1679 Penates
975 1646 1085 1677 adorat
1100 1645 1220 1676 AEneas
1234 1653 1244 1674 z
1265 1643 1309 1676 ,fic
1332 1653 1426 1676 exter·²

116 1717 182 1737 num
193 1706 299 1735 Larem
321 1700 502 1744 comparari
517 1701 630 1743 aliquis
642 1701 774 1732 censeat.

119 1816 346 1857 Imitationes
360 1818 435 1868 jam
453 1817 576 1855 Cerda
598 1816 740 1855 notavit

118 1869 203 1907 Silii
227 1870 282 1913 II,
308 1882 398 1921 455.
426 1869 515 1921 456.
562 1869 667 1906 Statii
686 1869 740 1904 A-

115 1921 221 1959 chill.
255 1922 290 1966 Ι,
316 1924 365 1970 84
382 1920 457 1972 sqq.
513 1921 622 1957 Adde
646 1921 737 1958 Stat.

120 1973 242 2011 Theb.
262 1974 316 2018 ΙΙ,
345 1973 434 2020 460.
451 1973 539 2021 461.
559 1972 633 2016 III,
667 1985 741 2009 210

118 2023 196 2075 sqq.
224 2035 260 2062 et
275 2024 395 2075 passim
413 2024 501 2061 alios
513 2038 523 2067 ;
551 2023 637 2060 item
658 2023 740 2060 Ho-

117 2088 187 2115 1at.
222 2076 241 2112 Ι
277 2076 352 2113 Od.
398 2088 441 2126 15¹
469 2075 564 2112 Eheu
598 2085 741 2125 quantus

116 2131 210 2179 equis
241 2136 312 2165 etc.
382 2140 469 2178 540.
510 2126 621 2176 quasi,
660 2135 741 2162 eant

122 2191 218 2215 nunc
235 2189 271 2216 et
289 2177 454 2228 flagitent
470 2177 618 2215 bellum.
639 2178 739 2215 Serv.

117 2231 176 2268 cf.
190 2230 267 2281 sup.
285 2229 379 2272 VH,
399 2242 484 2280 3¹7·

118 2333 170 2371 ad
176 2279 742 2375 ⁵fss21112432td?31282‘00{{¹355⁵p25

119 2394 220 2424 ,nates
235 2393 413 2435 precatur.
467 2382 635 2420 Herculeis
653 2386 744 2433 fhpi-

121 2449 177 2475 tas
195 2435 325 2486 ignibus
353 2449 436 2472 aras
460 2434 603 2470 doffius
631 2434 744 2471 dietas

122 2490 204 2532 effe,
223 2500 332 2537 quam
358 2492 449 2538 egnes
470 2488 588 2535 sopitos
615 2491 651 2522 in
675 2491 746 2523 aris

120 2539 188 2577 wel
218 2545 309 2590 ignes
340 2553 416 2576 arae
442 2536 481 2574 in
510 2545 680 2587 promptu
697 2538 745 2576 est

124 2591 339 2641 intelligere.
384 2588 454 2626 Sed
469 2588 639 2626 Herculeos
655 2594 747 2639 ignes

125 2655 201 2679 non
231 2641 314 2679 satis
345 2639 513 2690 expedio.
576 2639 747 2677 Herculis

125 2705 189 2733 ara
216 2702 298 2730 ante
323 2691 449 2730 urbem
467 2691 506 2728 in
532 2691 615 2728 luco
643 2699 744 2729 erat:

125 2744 204 2795 sup.
226 2743 276 2781 vs.
309 2754 393 2792 104.
448 2741 507 2780 De
534 2742 606 2779 alio
638 2755 748 2792 quam

122 2796 174 2833 de
199 2795 297 2833 sacro
325 2793 513 2833 Penatibus
531 2793 570 2830 in
587 2803 748 2844 penetra-

124 2847 226 2888 libus
239 2847 368 2887 domus
383 2846 479 2886 fado
495 2846 595 2886 locus
613 2843 676 2885 vix
693 2844 749 2884 in-

803 1813 923 1864 tell-igi
941 1814 1064 1864 potest.
1119 1813 1202 1861 Jam
1229 1819 1247 1849 ι’
1266 1828 1320 1849 nes
1336 1813 1426 1848 Her-

803 1867 900 1909 culei,
929 1865 967 1902 in
987 1866 1072 1902 foco
1090 1866 1145 1901 vel
1160 1877 1219 1901 ara
1237 1866 1241 1868 ⁷
1265 1863 1426 1901 enatium

805 1917 928 1968 sopiti,
963 1926 1024 1953 aut
1059 1926 1233 1953 ornantur
1264 1914 1427 1965 epitheto

804 1969 890 2013 hoc,
935 1968 1089 2018 respeftu
1131 1967 1317 2011 Herculis,
1361 1967 1427 2016 qui

806 2020 897 2057 olim
914 2020 1063 2056 eandem
1080 2019 1125 2055 ad
1142 2032 1239 2055 aram
1259 2018 1356 2056 sacra
1374 2019 1429 2057 fe..

805 2071 887 2109 ciffe
915 2071 1092 2121 putandus
1107 2071 1170 2115 est,
1200 2078 1262 2107 aut
1290 2069 1428 2107 intuitu

806 2122 917 2160 moris
945 2122 1119 2172 religiosi,
1153 2134 1226 2171 quo
1252 2121 1349 2172 ignis
1382 2134 1428 2158 ex

806 2175 907 2211 sacro
936 2173 1107 2210 Herculis
1135 2172 1295 2209 hesterno
1327 2173 1428 2220 (vide

806 2239 842 2263 v.
875 2238 959 2263 102.
984 2238 1068 2273 103.
1093 2228 1179 2272 104)
1207 2224 1364 2261 servatus
1391 2234 1429 2261 et

806 2276 846 2313 in
863 2276 986 2314 focum
1005 2276 1239 2312 domesticum
1258 2276 1428 2326 repositus

804 2328 944 2365 fuerat:
989 2327 1036 2364 fic
1055 2327 1177 2363 Cerda
1194 2336 1230 2364 et
1248 2327 1338 2371 alii;
1365 2337 1428 2364 aut

808 2378 985 2416 Hercules
1016 2378 1089 2415 fuit
1118 2377 1289 2414 Evandro
1315 2377 1428 2415 Pena-

806 2431 902 2468 tium
930 2431 1013 2468 loco
1032 2428 1242 2478 Geniusque
1259 2429 1351 2466 adeo
1367 2430 1428 2467 seu

809 2482 884 2519 Lar
918 2481 1144 2522 domesticus.
1197 2479 1285 2517 Hoc
1302 2480 1426 2518 saltem

807 2534 960 2587 praestat.
1012 2534 1138 2571 Larem
1153 2532 1333 2582 hesternum
1343 2534 1430 2581 jun-

809 2598 859 2635 go
877 2598 968 2622 cums
983 2588 1126 2627 excitat,
1152 2593 1189 2619 et
1206 2582 1347 2632 accipio
1363 2596 1430 2633 pro

811 2636 896 2675 foco
923 2645 959 2673 et
986 2635 1065 2686 igni
1089 2635 1127 2671 in
1145 2634 1229 2671 foco
1246 2644 1327 2670 ante
1356 2633 1429 2671 La-

811 2700 916 2726 rem:
939 2686 1162 2737 jundaadeo
1174 2696 1212 2722 ut
1223 2684 1312 2728 fint:
1339 2691 1429 2736 ignes

809 2745 846 2777 in
863 2754 929 2777 ara
946 2750 976 2776 et
1001 2740 1125 2775 Larem
1142 2737 1318 2786 [visternum
1339 2744 1429 2774 exci-

811 2802 877 2828 tat.
931 2790 1027 2827 Solet
1054 2790 1104 2825 ita
1136 2792 1246 2838 poeta
1277 2787 1428 2825 eandem

812 2841 999 2881 notionem
1043 2840 1099 2880 bis
1140 2850 1237 2880 terve
1279 2850 1429 2884 ornare;

1301 2900 1432 2941 parvos
