1847 3313
472 266 594 341 AD
649 292 1004 343 LIBRUM
1057 295 1180 345 ΧΠ.
1395 310 1492 362 713

169 428 209 459 et
224 419 377 472 Junonis
396 422 492 461 odiis
517 423 681 463 universe
699 423 879 475 disputata
900 423 982 463 sunt
1016 427 1197 478 (Disquis.
1217 428 1236 465 I
1252 428 1279 468 s.
1298 428 1390 467 VII.
1420 427 1498 468 Ex-

170 481 268 520 curs.
281 481 324 518 I*
343 481 389 519 acl
403 483 488 519 AEn.
507 483 525 519 1
542 483 734 533 passimque
752 484 790 521 in
807 484 933 527 Notis,
962 495 1000 522 ut
1020 486 1066 522 ad
1097 487 1173 531 IX,
1204 489 1310 536 802),
1337 501 1378 526 ea
1397 489 1497 527 illus-

171 548 328 584 trentur,
356 554 436 591 quae
450 541 490 578 in
505 541 542 579 h.
555 543 580 579 l.
597 552 858 580 commentatus
877 544 969 588 sum,
997 547 1112 595 placet
1129 546 1189 584 hic
1203 547 1267 584 sub
1282 562 1394 586 unum
1407 562 1499 587 con-

169 598 329 649 {pestum
347 600 542 646 adducere,
569 614 648 650 quae
665 600 832 646 deorum,
859 603 1086 654 junonisque
1106 605 1288 657 inprimis,
1317 607 1356 645 in
1382 610 1496 659 poste-

169 658 331 697 rioribus
349 659 409 697 sex
427 659 532 697 libris
561 670 692 710 parteS,
719 661 817 711 quod
849 662 1085 702 ministerium
1117 666 1241 707 fucrit.
1295 668 1499 718 Apparebit

169 720 228 757 vel
242 732 288 757 ex
301 720 373 764 his,
401 733 526 758 verum
547 722 616 759 effe
642 722 742 772 quod
761 723 952 772 aliquoties
987 726 1133 771 monui,
1161 726 1229 764 hac
1259 727 1297 764 in
1324 730 1497 768 carminis

169 788 271 829 parte
288 779 398 831 longe
415 780 623 817 inferiorem
641 781 707 817 effe
721 778 912 818 Maronem
927 782 1110 829 HomerO,
1136 785 1198 822 cui
1213 786 1363 824 deorum
1384 787 1496 826 inter-

168 847 297 876 ventus
327 853 400 876 non
419 853 485 891 pro
504 839 679 890 figmento
697 849 733 876 et
747 840 912 890 jucundo
931 843 1123 881 mendacio
1153 854 1252 882 erat:
1299 845 1360 884 sed
1392 861 1443 885 res
1473 861 1495 886 a

167 899 297 950 priscis
311 900 519 938 hominibus
533 900 672 938 credita
685 913 726 938 ac
747 901 896 946 tradita,
924 915 966 939 ac
985 914 1146 942 veterum
1165 916 1310 945 aetatum
1338 908 1497 959 ingeniis

168 969 210 995 ac
227 959 406 998 mentibus
420 961 471 998 ita
485 960 725 1010 frequentata,
753 959 830 1011 ipso
849 961 1024 999 sermonis
1041 964 1167 1013 genio,
1194 966 1395 1006 carminum
1413 981 1494 1019 per-

168 1026 279 1070 petuo
294 1028 525 1071 argumento,
554 1019 801 1057 narrationum
830 1020 876 1057 ad
912 1020 1058 1060 solitum
1090 1026 1295 1074 exemplum
1317 1026 1495 1066 instituta-

170 1090 252 1117 rum
271 1091 371 1116 more
389 1092 431 1116 ac
451 1077 726 1121 consuetudine,
753 1087 827 1116 tam
847 1078 1039 1117 familiaris
1065 1081 1173 1127 facta,
1201 1093 1241 1120 ut
1266 1084 1402 1130 videre,
1429 1100 1494 1126 au-

169 1134 267 1182 dire,
293 1138 381 1175 deos
404 1137 471 1176 fibi
489 1137 673 1175 videretur
686 1137 723 1174 in
742 1138 872 1175 mediis
890 1140 993 1178 rebus
1016 1141 1166 1191 agendis
1183 1142 1371 1182 versantes.
1422 1145 1495 1195 ju-

166 1207 233 1241 n0‚
259 1198 362 1247 cujus
377 1209 450 1236 arte
468 1209 503 1235 et
518 1198 670 1235 consilio
688 1198 800 1235 claffis
821 1198 1066 1250 Trojanorum
1085 1213 1104 1238 e
1122 1201 1251 1240 Sicilia
1270 1203 1413 1241 Italiam
1432 1219 1494 1254 pe-

164 1265 243 1296 tens
261 1259 421 1309 primum
439 1260 483 1296 ad
506 1259 646 1296 Africae
664 1259 790 1296 littora
807 1261 1010 1312 tempestate
1028 1262 1146 1299 delata
1161 1263 1241 1310 (lib.
1260 1264 1294 1308 Ι,
1310 1278 1360 1314 34
1376 1263 1492 1316 sqq.)‚

165 1329 269 1363 mox,
295 1331 380 1357 cum
411 1319 538 1356 frustra
569 1320 638 1356 hoc
673 1319 793 1357 astum
811 1320 907 1364 esset,
936 1331 977 1358 ut
1002 1320 1162 1359 Didonis
1191 1336 1312 1360 amore
1330 1324 1492 1362 irretitus

165 1375 297 1415 AEneas
315 1377 541 1429 Carthagine
574 1377 802 1423 retineretur,
830 1378 868 1415 in
903 1380 1032 1417 Sicilia
1062 1382 1247 1419 combusta
1266 1383 1381 1421 fuerat
1404 1384 1490 1433 (lib-

165 1433 221 1479 V,
241 1438 318 1485 604
336 1436 449 1487 sqq.)‚
477 1435 541 1474 ubi
562 1436 744 1486 Trojanos
759 1437 804 1475 ad
823 1437 921 1475 Latii
940 1439 1040 1475 littus
1054 1441 1224 1490 appulisse
1241 1442 1340 1481 videt
1359 1443 1488 1492 (VIII,

165 1498 243 1535 286
280 1496 392 1547 sqq.)‚
445 1509 490 1533 ne
502 1495 611 1540 nihil,
656 1509 729 1546 quo
766 1495 840 1533 fata
890 1497 1035 1535 differre
1081 1500 1203 1538 saltem
1249 1502 1388 1544 liceret,
1432 1502 1489 1539 in-

163 1563 345 1592 tentatum
366 1555 596 1606 relinqueret,
625 1569 733 1593 unam
760 1569 804 1593 ex
821 1555 938 1593 Furiis
956 1559 1092 1595 excitat
1110 1568 1145 1595 et
1174 1560 1321 1599 Latium
1348 1561 1489 1599 discor.

160 1613 235 1651 diis
254 1614 395 1652 miscet.
449 1615 550 1652 Dum
568 1615 700 1654 AEneas
719 1615 842 1653 absens
861 1614 1020 1654 Evandri
1038 1627 1074 1654 et
1092 1617 1326 1657 Etruscorum
1346 1621 1485 1658 auxilia

160 1673 364 1724 conquirit,
391 1673 584 1724 Venusque
612 1684 726 1713 mater
756 1675 789 1712 ei
817 1689 915 1713 arma
935 1676 1096 1715 Vulcani
1123 1689 1198 1715 arte
1227 1688 1327 1730 parat
1355 1681 1485 1728 (vm,

163 1746 238 1785 370
252 1734 341 1784 sq.)‚
367 1734 465 1783 Juno
499 1734 600 1772 Iride
629 1735 727 1772 miffa
745 1736 915 1775 Turnum
945 1738 1096 1782 excitat,
1126 1749 1163 1775 ut
1189 1739 1302 1777 AEnea
1337 1741 1482 1778 absente

161 1792 406 1843 Trojanorum
426 1794 535 1832 castra
554 1795 612 1831 seu
633 1795 757 1832 urbem
777 1808 817 1832 ac
841 1795 1061 1833 munitiones
1077 1810 1284 1849 oppugnet;
1321 1800 1388 1838 lib.
1409 1801 1481 1845 IX,

164 1864 178 1890 1
196 1851 274 1904 sqq.
290 1853 388 1890 Inter
405 1854 498 1891 hanc
517 1854 825 1905 oppugnationem
845 1854 994 1891 Turnus
1013 1855 1049 1892 in
1068 1858 1175 1894 castra
1189 1860 1263 1907 jam
1279 1859 1477 1910 irruperat:

158 1925 244 1951 cum
268 1913 405 1962 Junoni
437 1928 499 1965 per
516 1914 652 1952 Itidem
679 1927 699 1951 a
722 1914 815 1963 Jove
833 1914 968 1952 missam
989 1916 1230 1963 interdicitur,
1266 1933 1310 1956 ne
1333 1921 1480 1960 ulterius

156 1986 224 2024 pro
243 1974 372 2012 Turno
395 1975 591 2012 contendat
609 1983 644 2012 et
662 1974 700 2011 in
718 1987 839 2025 pugna
857 1974 1046 2014 allaboret.
1075 1975 1165 2013 ibid.
1186 1977 1260 2021 IX,
1281 1980 1351 2016 802
1373 1979 1451 2030 sqq.

213 2033 381 2072 Confilio
399 2033 541 2080 habito,
568 2034 710 2085 Jupiter
724 2034 795 2072 diis
812 2033 1021 2085 persuadere
1039 2035 1132 2079 vult,
1161 2049 1198 2072 ut
1214 2037 1362 2074 diffidiis
1379 2051 1482 2075 com-

157 2091 283 2142 positis
300 2093 395 2130 nihil
411 2095 505 2131 ultra
526 2094 766 2139 intercedant,
792 2106 867 2144 quo
897 2093 1014 2131 minus
1041 2094 1159 2132 fatalis
1193 2095 1289 2134 sedes
1312 2096 1347 2133 in
1373 2097 1481 2136 Italia

158 2153 285 2193 AEneae
303 2153 508 2206 contingat.
537 2154 602 2192 lib.
625 2153 680 2198 X,
714 2167 726 2190 1
754 2154 829 2204 sqq.
885 2152 1192 2205 Quandoquidem
1229 2157 1378 2194 monitis
1404 2172 1481 2208 pre-

156 2210 329 2262 cibusque
347 2212 485 2251 nullum
505 2212 583 2249 dari
604 2213 724 2250 locum
745 2213 859 2254 videt,
886 2213 1086 2262 objurgatis
1103 2214 1260 2264 graviter
1277 2215 1347 2253 diis
1359 2217 1479 2255 decla-

158 2280 229 2314 rat,
256 2270 341 2308 fatis
360 2271 394 2309 se
406 2272 529 2309 omnia
543 2273 609 2309 effe
625 2273 873 2323 permissurum
893 2286 928 2310 v.
956 2286 1023 2323 105
1044 2273 1121 2323 sqq.

209 2331 292 2369 Nec
310 2341 428 2369 tamen
444 2332 515 2372 hoc
535 2332 585 2370 ita
599 2333 776 2370 observari
794 2333 914 2370 videas
930 2333 966 2369 in
986 2333 1076 2383 sqq„
1105 2334 1192 2384 quin
1212 2333 1364 2383 Juturna
1380 2337 1478 2376 Tur-

159 2405 247 2430 num
266 2393 414 2433 fratrem
435 2404 594 2438 moneat,
625 2405 663 2431 ut
699 2393 856 2431 Lausum
891 2394 1058 2431 Pallantis
1089 2396 1253 2432 manibus
1270 2398 1411 2448 eripiat.
1441 2414 1477 2440 v,

157 2454 248 2502 438.
302 2454 399 2503 Juno
418 2464 538 2491 autem
558 2454 632 2505 ipsa
644 2455 813 2491 Turnum
832 2455 928 2492 eluso
939 2454 1051 2492 AEnca
1070 2468 1199 2505 pugnae
1213 2456 1410 2496 subducat:
1441 2474 1479 2497 v.

158 2512 250 2548 606.
305 2511 447 2550 Contra
464 2512 566 2561 Jovis
599 2514 740 2551 monitu
760 2513 966 2551 Mezentius
999 2512 1036 2550 in
1065 2528 1223 2565 pugnam
1256 2516 1414 2555 succedit
1442 2533 1478 2558 v,

155 2571 246 2620 689.
300 2569 399 2618 Juno
418 2572 462 2609 ad
480 2573 605 2610 caelum
624 2573 741 2610 statim
757 2573 908 2610 redierat
926 2574 975 2621 (v.
992 2572 1080 2622 663.
1103 2578 1206 2622 064).
1262 2576 1357 2614 Nam
1377 2579 1478 2628 paul-

154 2630 193 2667 lo
213 2631 289 2682 post
307 2645 349 2668 ea
379 2645 462 2670 cum
479 2632 620 2670 Venere
655 2633 749 2670 inter
780 2633 867 2670 deos
892 2645 1125 2675 memoratur,
1155 2635 1217 2684 qui
1250 2648 1294 2673 cx
1311 2637 1475 2689 Olympo

155 2705 314 2743 pugnam
330 2692 550 2743 prospeRant
571 2696 658 2745 758.
714 2694 835 2731 Etiam
857 2695 974 2732 Diana
987 2695 1100 2745 Opim
1116 2696 1230 2734 mittit
1245 2696 1473 2749 Nymphatn,

154 2760 195 2799 ut
213 2752 378 2798 Camillae
396 2765 548 2802 mortem
567 2754 759 2793 ulciscatur
775 2754 841 2793 lib.
865 2754 937 2799 XI,
967 2765 1182 2809 532—507.
1237 2756 1377 2796 Interea
1404 2758 1472 2807 Ju-

1377 2828 1475 2877 puter
