1847 3313
404 264 495 321 388
604 258 658 305 P.
700 256 1078 305 VIRGILII
1130 257 1529 307 MARONIS

408 388 487 445 Et,
511 402 865 451 quamcumque
887 387 1014 435 viam
1038 388 1219 436 dederit
1242 390 1466 448 Fortuna,
1490 390 1727 453 sequatur..

410 478 556 524 Hunc
576 490 747 541 tegere,
772 489 817 524 et
837 477 957 524 dirae
973 479 1156 525 valeam
1172 478 1429 526 subducere
1446 495 1639 543 pugnae.
1667 492 1727 541 50

410 567 753 625 IflstAmathus,
772 569 836 614 est
850 568 969 615 celsa
986 569 1105 615 mihi
1126 568 1331 631 Paphus,
1345 582 1488 632 atque
1508 570 1731 633 Cythera,

411 656 671 720 Idaiiaeque
695 659 893 705 domus:
929 659 1090 724 positis
1115 658 1348 722 inglorius
1371 661 1514 706 armis

411 747 590 811 Exigat
615 748 692 796 hic
712 765 893 798 aevum.
967 749 1149 813 Magna
1172 749 1354 795 ditione
1369 748 1542 813 jubeto

414 837 657 903 Carthago
679 853 866 903 premat
889 828 1167 890 Ausoniam.
1240 841 1378 888 Nihil
1402 841 1598 888 urbibus
1623 840 1733 887 inde

414 925 636 975 Obstabit
661 930 835 992 Tyriis,
907 931 1038 996 Qid
1059 932 1240 994 pestem
1267 931 1462 978 evadere
1485 930 1600 977 belli
1674 943 1729 992 55

415 1019 564 1080 Juvit‚
589 1033 634 1068 et
658 1023 907 1086 Argolicos
934 1023 1151 1069 medium
1179 1021 1348 1086 fugiffe
1368 1038 1450 1086 per
1472 1022 1614 1085 ignis,

461 1161 515 1193 49.
537 1165 702 1196 quacunque
718 1164 766 1195 pr.
784 1153 1052 1194 Hamb.-—-50.
1079 1158 1169 1188 Nunc
1181 1157 1302 1188 Lubec.
1319 1168 1371 1199 ap.
1388 1157 1511 1195 Burm,
1534 1155 1589 1198 qui
1605 1158 1737 1198 repente

416 1202 469 1233 hic
496 1204 603 1245 prodit
630 1214 731 1234 novus
761 1205 871 1235 codex.
917 1206 1001 1236 durae
1017 1208 1121 1247 Sprot.
1146 1218 1217 1237 cum
1246 1216 1311 1239 vet.
1344 1208 1428 1238 Picr.
1520 1217 1574 1247 51.
1598 1209 1739 1240 Amathos

416 1264 585 1295 perperam
616 1255 708 1286 codd.
739 1255 825 1286 Pier.
851 1256 961 1286 Heius.
1017 1259 1184 1289 Amathuns
1214 1260 1324 1291 Franc.
1373 1258 1434 1289 Sed
1465 1259 1507 1288 est
1533 1259 1666 1298 Ἀμαθὲς
1700 1268 1738 1291 ex

419 1306 584 1344 Ἀμαὲὶᾶεις.
628 1308 662 1349 {st
684 1308 787 1350 excelsi:
810 1309 848 1338 P.
876 1308 1014 1339 Dorvill.
1061 1312 1182 1353 Paphus
1207 1321 1280 1341 curn
1307 1310 1396 1341 libris
1422 1309 1534 1341 Heins.
1561 1309 1744 1353 rescripsit:

418 1357 528 1399 vulgg.
556 1361 671 1402 Paphos
683 1371 693 1390 ,·
717 1359 801 1399 quod
819 1360 952 1390 retinuit
970 1361 1190 1403 Cuningham.
1238 1363 1273 1405 {st
1291 1363 1359 1406 ccffa
1376 1363 1492 1405 Paphos
1518 1371 1607 1405 atque
1628 1363 1690 1393 alra
1706 1364 1739 1395 C.

419 1408 556 1438 Palatin.
579 1420 628 1450 ap.
648 1409 727 1440 Pier.
747 1420 820 1440 cum
838 1412 947 1447 Rom„
965 1411 1019 1442 alii
1034 1423 1086 1454 ap.
1107 1415 1147 1443 G.
1168 1413 1286 1444 Fabric.
1310 1421 1340 1444 et
1359 1413 1391 1444 in
1410 1412 1498 1444 Gud.
1517 1422 1566 1453 pr.
1579 1412 1749 1444 Rottenffi

418 1470 468 1502 pr.
490 1459 606 1490 Hamb.
651 1460 721 1491 Alii
743 1461 944 1493 confundunt
972 1471 1141 1505 utramque
1167 1464 1364 1496 lectionem:
1390 1464 1425 1507 cst
1442 1463 1510 1508 ceffa
1533 1465 1600 1494 mihi
1623 1465 1742 1507 Paphos

419 1521 505 1554 arque
520 1512 631 1542 alta-C.
679 1511 818 1543 Videtur
833 1514 896 1544 alta
916 1513 1042 1545 illatum
1061 1515 1120 1546 effe
1138 1527 1175 1546 cx
1192 1516 1250 1548 inf.
1268 1527 1300 1548 v.
1323 1515 1523 1554 86.-——53.
1549 1516 1659 1558 Exiget
1674 1515 1743 1558 ple-

418 1562 510 1603 rique
534 1563 618 1594 Picr.
638 1570 670 1594 et
687 1564 796 1595 Heins.
819 1575 893 1596 cum
911 1566 1008 1597 Goth.
1029 1566 1087 1597 sec.
1132 1579 1225 1597 arvom
1243 1567 1345 1603 Gud.‚
1372 1574 1404 1597 et
1420 1577 1457 1597 ex
1473 1566 1534 1596 hoc
1557 1565 1742 1608 reposuerat

420 1614 529 1645 I-Ieins.
575 1614 607 1644 Si
633 1622 740 1646 tamen
758 1615 821 1653 hic,
846 1627 903 1647 cur
929 1627 993 1647 non
1020 1616 1160 1659 ubique?
1184 1619 1215 1649 Si
1242 1619 1401 1661 Virgilius
1425 1617 1470 1648 ita
1496 1618 1741 1660 pronuntiavit:

421 1665 532 1706 ntique
548 1676 612 1695 non
629 1665 774 1697 hocloco
791 1667 866 1698 solo.
955 1678 1011 1708 54.
1037 1671 1071 1701 C.
1102 1678 1135 1700 ut
1153 1679 1267 1713 premat
1285 1669 1387 1701 Goth.
1414 1675 1491 1700 tert.
1537 1669 1654 1700 Italiam
1679 1676 1744 1701 tres

422 1717 531 1747 Burm.
579 1717 639 1748 Nil
658 1718 768 1749 viribus
793 1718 938 1751 Parthas..
969 1729 1002 1751 et
1018 1722 1103 1763 Reg.
1150 1722 1244 1753 Nihil
1262 1721 1376 1752 arcibus
1394 1719 1485 1751 malit
1508 1721 1558 1762 J0.
1577 1720 1744 1753 Schrader.

424 1769 483 1801 Nil
502 1767 601 1798 etiam
625 1768 843 1810 Cuningham.
871 1771 1163 1812 praetulit.—-55.
1191 1774 1326 1817 Obstahat
1351 1775 1483 1813 Menag.
1501 1780 1549 1813 pr.
1579 1780 1612 1803 et
1637 1774 1742 1815 Sprot.

424 1830 499 1850 cum
526 1819 626 1850 Goth.
660 1831 710 1862 pr.
764 1822 858 1863 ‘Tyriis
883 1821 933 1853 vel
965 1823 1084 1855 ‘Teucris
1110 1823 1241 1855 Zulich.
1288 1824 1366 1854 bellis
1392 1822 1494 1853 Goth.
1524 1829 1598 1853 tert.
1685 1823 1742 1863 56„

424 1873 591 1914 Argolicum
614 1884 795 1914 pro-orum
819 1873 925 1914 Bigot.
969 1876 1067 1906 medios
1095 1875 1149 1907 alii
1175 1875 1248 1907 edd.
1275 1883 1307 1906 et
1334 1875 1443 1917 scripti
1460 1874 1544 1905 Pier.
1561 1881 1593 1906 et
1620 1877 1746 1914 Burm.‚

425 1923 556 1964 binique
588 1923 688 1956 Goth.
734 1923 927 1966 Exquifitius
953 1925 1117 1958 alterum:
1156 1928 1297 1958 AEneam
1326 1926 1444 1957 medium
1468 1924 1594 1967 sugiffe.
1645 1928 1747 1971 [ετ-ΞΠ(

424 1975 509 2006 Ven.
1739 1983 1742 1987 '

427 2088 701 2128 conscendenda
715 2090 835 2128 fuiffet
853 2091 978 2129 AEneae
996 2104 1057 2129 na-

431 2141 484 2178 vis
506 2151 541 2178 et
569 2143 762 2180 errandum
786 2150 857 2193 'per
889 2142 1056 2194 ignotum

431 2205 541 2230 mare.
547 2194 606 2231 cf.
623 2193 715 2230 Var.
736 2194 836 2231 Lth.
889 2174 933 2231 ln
953 2209 990 2232 v.
1008 2209 1058 2245 49

431 2255 642 2295 comparant
684 2245 801 2296 intpp.
849 2247 985 2287 versus
1012 2247 1058 2284 de

1122 2091 1188 2130 lib.
1221 2092 1255 2135 I,
1292 2090 1381 2129 681.

1434 2094 1543 2130 domus
1557 2106 1624 2144 pro
1641 2093 1746 2130 habi-

1123 2143 1278 2187 tatione,
1315 2143 1409 2181 sede.

1465 2144 1650 2181 Dicuntur
1683 2158 1748 2182 au-

1123 2205 1195 2233 tern
1215 2195 1271 2232 dii
1299 2208 1419 2233 amare
1447 2205 1553 2233 terras
1576 2209 1649 2239 em,
1678 2196 1746 2234 fre-

1124 2256 1294 2297 quentare
1328 2257 1365 2283 et
1406 2245 1622 2291 inhabitare,
1666 2262 1747 2297 quae

432 2296 638 2346 Sarpedone
654 2296 762 2334 Iliad.
783 2313 827 2340 π,
856 2299 945 2347 436.
966 2311 1056 2349 437.

436 2361 498 2399 50.
526 2359 647 2399 tegere,
661 2349 865 2398 subducere3
903 2352 1055 2398 ὑπάγειν,

433 2405 632 2450 ἑπεκῷέξειν,
665 2400 775 2439 Iliad.
810 2411 849 2444 λ,
898 2404 984 2451 163.
1027 2421 1056 2445 ε,

466 2454 524 2490 18.

435 2465 458 2502 3
520 2517 551 2542 1.
582 2517 643 2556 52.
672 2503 810 2555 Repete
835 2503 939 2554 supra
962 2502 1058 2541 dista

435 2518 565 2594 ad5ib.
597 2556 630 2593 Ι.
659 2556 736 2594 680
752 2564 788 2592 et
806 2559 895 2594 681.
949 2557 1059 2592 domm

435 2608 565 2644 Idaliae
594 2607 699 2645 dieite
725 2607 791 2643 effe
821 2606 960 2657 poffunt
978 2607 1057 2657 plu-

438 2658 506 2696 rali
536 2672 710 2704 numer03
738 2658 843 2696 doste
873 2657 973 2694 fine:
1008 2658 1058 2695 fe-

437 2723 512 2747 ram
548 2720 667 2748 tamen
699 2722 764 2748 nec
792 2709 924 2752 minus,
959 2718 998 2746 ut
1016 2709 1059 2747 fit

436 2764 544 2799 domus
559 2763 581 2797 I
580 2763 684 2800 daliae
698 2772 813 2805 terrae,
827 2766 886 2801 τ’ἧς
899 2760 1060 2799 Ἰδειλίκς.

438 2811 499 2850 Sic
518 2813 601 2852 luca·
619 2814 745 2852 Idaliae
760 2813 917 2852 dixerat.
935 2812 993 2851 xcf.
1014 2813 1059 2851 ad

1125 2297 1208 2348 ipsis
1236 2298 1380 2336 sacratae
1410 2298 1508 2342 sunt,
1541 2300 1578 2336 in
1614 2299 1745 2349 quibus

1121 2351 1254 2401 tenpla
1286 2362 1413 2386 eorum
1440 2349 1533 2387 sunt.
1589 2364 1651 2402 53.
1683 2363 1745 2401 54.

1121 2401 1286 2452 Respicit
1330 2402 1431 2450 Jovis
1472 2401 1579 2438 xerba
1624 2403 1745 2451 paullo

1120 2463 1254 2491 anteV.
1290 2466 1347 2491 12.
1375 2453 1477 2490 conf.
1508 2453 1593 2489 AEn.
1624 2454 1658 2498 Ι,
1699 2467 1745 2504 19

1123 2505 1152 2542 s
1141 2519 1200 2555 qq
1255 2503 1377 2542 Verba
1395 2504 1442 2542 ad
1470 2504 1650 2541 invidiam
1666 2518 1746 2554 gra-

1122 2557 1203 2593 via:
1233 2571 1360 2607 magna
1387 2558 1422 2593 d.
1453 2566 1488 2592 et
1514 2566 1648 2606 premat
1681 2570 1746 2607 pro

1123 2617 1254 2647 teneat.
1311 2620 1371 2659 54.
1399 2609 1488 2652 inde,
1507 2609 1551 2644 ab
1571 2607 1746 2652 Ascanio,

1124 2670 1160 2696 et
1177 2659 1253 2709 ejus
1272 2659 1432 2717 posteris,
1450 2660 1548 2696 nulla
1559 2660 1630 2696 esto
1646 2673 1746 2696 mora

1124 2712 1278 2748 coloniae
1297 2709 1438 2760 lydae,
1455 2724 1527 2761 quo
1541 2711 1659 2747 minus
1678 2711 1745 2748 im-

1124 2763 1267 2813 periun
1281 2762 1655 2812 Italiaeconsequatur.
1686 2776 1748 2813 55.

1119 2817 1199 2865 pss
1200 2814 1380 2866 mfimpsl
1377 2817 1426 2852 ὁ).
1418 2814 1518 2865 Ἁῦξον
1532 2812 1747 2866 perniciem,

1709 2873 1750 2902 Uf-
