1847 3313
385 296 477 342 ‘41²
565 280 617 327 P.
677 277 1060 326 VIRGILII
1128 277 1519 325 MARONIS

377 411 511 474 Qot
528 410 660 473 prius
684 420 839 455 aeratae
863 409 1081 455 steterant
1102 407 1161 454 ad
1179 408 1319 454 litora
1339 424 1509 471 prorae.

375 499 685 562 Adgnoscunt
709 497 850 560 longe
871 512 1049 559 regem,
1083 495 1370 558 lustrantque
1394 496 1592 544 choreis.

373 589 604 652 Qzuum,
638 600 745 648 quae
763 583 892 630 fandi
914 582 1190 639 doetissima‚
1227 583 1531 644 Cymodocea
1587 598 1677 648 225

372 681 500 727 Pone
523 677 712 739 sequens
735 675 898 722 dextra
921 674 1126 737 puppim
1150 685 1291 730 tenet,
1326 674 1519 737 ipsaque
1542 675 1682 723 dorso

372 769 583 824 Eminet,
617 781 670 812 ac
695 765 814 812 laeva
838 764 990 811 tacitis
1015 764 1306 832 subremigat
1329 765 1482 811 undis.

373 858 505 904 Tum
544 857 607 902 fic
640 855 857 917 ignarum
901 852 1174 915 adloquitur
1193 869 1205 898 ;
1255 851 1494 915 Vigilasne
1539 853 1683 902 deum

568 963 698 1010 gens,

369 1037 548 1085 AEnea?
584 1036 742 1098 vigila,
775 1046 822 1080 et
841 1032 952 1079 velis
978 1033 1165 1078 inmitte
1188 1032 1422 1079 rudentes.

371 1137 474 1183 Nos
500 1135 655 1180 sumus
681 1132 822 1177 Idaeae
848 1129 976 1176 sacro
1001 1129 1058 1174 de
1083 1126 1260 1174 vertice
1278 1128 1434 1190 pinus,
1587 1139 1683 1187 230

371 1225 514 1271 Nunc
534 1220 689 1284 pelagi
713 1218 971 1281 Nymphae,
994 1215 1137 1262 claffis
1155 1227 1248 1262 tua.
1301 1214 1510 1262 Perfidus
1527 1227 1578 1262 ut
1594 1232 1680 1263 nos

374 1309 648 1372 Praecipites
676 1306 794 1352 ferro
819 1304 1023 1351 Rutulos
1048 1305 1333 1366 flammaque
1355 1304 1631 1366 premebat:

416 1458 489 1488 223.
513 1447 599 1478 Idem
617 1445 660 1476 vs.
680 1444 747 1484 sup.
767 1443 823 1479 lx,
851 1451 923 1479 121,
945 1441 999 1472 ubi
1015 1441 1100 1473 vide.
1149 1442 1263 1485 Qop.
1284 1441 1406 1472 Medic.
1427 1448 1458 1472 et
1469 1443 1572 1484 puppis
1587 1453 1605 1472 a
1621 1443 1682 1473 sec.

373 1510 416 1529 m.
432 1509 439 1529 :
465 1500 524 1530 hoc
534 1506 565 1528 et
582 1496 635 1526 alii
655 1495 743 1525 codd.
771 1505 820 1535 ap.
835 1493 976 1523 Pierium
992 1492 1161 1529 habebant,
1181 1500 1214 1522 et
1234 1491 1401 1533 Oblongus
1419 1505 1513 1524 naves.
1605 1503 1678 1531 224.

370 1553 478 1582 choreas
489 1550 544 1580 sec.
565 1546 686 1579 Hamb.
704 1545 786 1576 conf.
799 1545 864 1586 sup.
878 1545 916 1574 ad
933 1545 1004 1582 Vll,
1027 1552 1264 1586 391.·--225.
1290 1545 1423 1586 Quarum
1452 1557 1506 1574 una
1521 1546 1554 1584 f.
1576 1545 1676 1576 Goth.

372 1603 432 1633 sec,
479 1600 635 1644 quaemmdi
652 1595 837 1627 Markland.
865 1595 905 1625 ad
935 1597 1014 1625 Stat.
1040 1595 1066 1623 11
1093 1593 1171 1624 Silv.
1186 1603 1217 1631 2,
1240 1602 1279 1634 19
1298 1593 1434 1635 legebat,
1455 1605 1550 1634 quem
1561 1594 1680 1625 refellit

372 1654 483 1683 Eurm.
496 1651 658 1685 ὴῆἑὶειιυῑι,
679 1648 764 1688 qnod
785 1657 849 1676 non
871 1656 986 1686 magna
1000 1644 1066 1675 laus
1078 1644 1239 1685 Nymphae
1255 1643 1314 1674 effe
1325 1645 1438 1685 potest,
1459 1645 1481 1675 fi
1494 1645 1573 1676 bene
1590 1652 1678 1676 nata-

370 1714 404 1733 te
422 1701 579 1734 didicerit.
626 1698 801 1729 fatendum
819 1704 939 1732 tamen,
961 1706 1018 1725 nec
1050 1694 1185 1725 alterum
1202 1694 1273 1724 satis
1292 1694 1351 1724 effe
1377 1695 1650 1725 accommodatum
1664 1705 1674 1725 ι

372 1754 428 1785 etsi
443 1753 528 1784 enim
544 1751 598 1782 iiia
611 1760 685 1781 mox
697 1756 802 1790 partes
818 1746 944 1779 adfandi
960 1747 1098 1776 AEneam
1115 1744 1170 1776 fibi
1186 1744 1292 1781 sumit,
1315 1755 1379 1775 non
1395 1752 1502 1775 tamen
1519 1744 1676 1776 facundiae

369 1806 481 1837 lausiu
509 1803 694 1845 Nympham
720 1800 812 1831 cadit,
860 1799 1040 1829 Maximam
1055 1805 1131 1828 natu
1157 1797 1372 1838 nympharum
1399 1797 1550 1833 Italidum>
1575 1797 1678 1828 edidit

373 1856 577 1898 Cymodecen
592 1853 684 1884 Silius
699 1851 753 1882 lib.
767 1852 838 1887 VH,
859 1849 933 1886 428.
1023 1859 1096 1887 227.
1120 1856 1149 1878 at
1165 1851 1241 1878 laeva
1257 1859 1274 1877 a
1286 1859 1318 1877 m
1345 1858 1391 1888 pr.
1411 1848 1530 1879 Medic.
1575 1861 1607 1877 ac
1621 1850 1679 1878 levi

372 1906 530 1938 Montalb.
622 1902 693 1934 228.
718 1905 848 1943 ignavum
860 1902 954 1931 Rom.
1000 1902 1152 1941 vlgilmfize
1164 1899 1264 1930 Goth.
1281 1906 1355 1930 tert.

371 1960 421 1990 ed.
438 1969 486 2000 pr.
507 1958 615 1987 Burni.
705 1961 778 1992 231.
804 1954 867 1983 Nos
878 1953 971 1993 pelagi
987 1953 1060 1983 Exc.
1081 1952 1189 1982 Burm.
1233 1951 1368 1980 fervidus
1382 1957 1411 1980 ut
1426 1963 1472 1981 nos
1488 1951 1677 1983 emendabat

371 2014 421 2055 Jo.
437 2007 612 2042 Schrader„
636 2014 671 2036 ut
687 2006 748 2040 IX,
785 2013 837 2043 72,
858 2012 888 2036 et
912 2004 992 2044 sape
1009 2002 1094 2033 alibi.
1139 2004 1217 2032 Sane
1247 2009 1279 2031 et
1306 2001 1366 2033 hoc
1391 2000 1468 2033 fetri
1498 2001 1612 2042 potest,
1643 2009 1676 2034 et

370 2062 462 2094 illud.
509 2060 630 2090 Contra
646 2058 719 2093 VII,
745 2066 785 2093 24
808 2059 880 2086 vada
891 2056 998 2098 pefila
1015 2054 1152 2096 conjicit,
1177 2052 1367 2094 ubifirvida.
1415 2053 1493 2083 Sane
1504 2061 1676 2095 utrumque

371 2115 464 2146 bene.
547 2119 630 2148 232.
644 2110 818 2152 βαηνῃιῐβλ-ιεε
836 2108 936 2140 Goth.
955 2116 1027 2138 tert.
1068 2107 1175 2153 petebat
1197 2105 1276 2138 alter
1293 2104 1409 2137 Hamb,
1425 2116 1484 2147 pro
1500 2116 1566 2137 var.
1590 2106 1680 2147 leet,

372 2166 452 2198 aiter
468 2175 486 2194 a
497 2173 540 2193 m.
557 2171 607 2203 pr.

1448 1908 1507 1940 229
1516 1922 1522 1929 .
1546 1912 1578 1929 ac
1588 1903 1678 1932 ventLt,

374 2271 473 2309 mina
488 2269 554 2306 effe
573 2282 583 2311 3
609 2268 684 2318 sup.
705 2267 779 2312 IX,
820 2279 902 2304 101.
924 2278 992 2304 102
1058 2276 1089 2303 et
1123 2265 1216 2302 laxos
1237 2267 1318 2315 jam
1333 2265 1476 2314 jamque
1505 2268 1677 2300 immittere

373 2329 546 2374 magnique
551 2319 676 2370 jubebo
695 2320 849 2370 AEquoris
862 2320 919 2367 ff
936 2319 992 2354 de·
1045 2322 1168 2368 janes,
1221 2327 1260 2352 ut
1302 2321 1471 2352 immittere
1511 2314 1674 2357 habenas,

373 2390 425 2411 as.
481 2385 568 2421 224.
596 2371 738 2420 lustrum·
774 2370 906 2412 choreis,
934 2382 991 2405 or·
1046 2373 1173 2419 frena,
1201 2367 1301 2404 alibi.
1329 2366 1378 2403 cf.
1398 2365 1474 2414 sup.
1493 2365 1544 2409 V,
1587 2367 1671 2414 146.

374 2435 471 2469 nate,
498 2437 564 2474 pro
587 2422 827 2465 circumdant,
854 2421 992 2457 circum
1064 2434 1147 2470 147.
1194 2418 1276 2454 Nec
1292 2428 1408 2454 tamen
1425 2422 1596 2453 immittere
1611 2429 1673 2465 per

373 2487 511 2515 natant.
1060 2473 1092 2508 se
1111 2481 1170 2507 aut
1188 2470 1233 2506 est
1251 2479 1311 2505 aut
1327 2469 1390 2504 effe
1404 2469 1513 2518 potest
1527 2468 1669 2512 1axare3

427 2532 514 2566 228.
555 2527 647 2563 deum
677 2540 769 2575 gens.
806 2523 882 2573 sup.
915 2522 992 2566 IX,
1057 2523 1152 2572 quod
1185 2520 1273 2557 olim
1303 2519 1376 2569 ipse
1404 2519 1588 2569 putabam,
1612 2518 1672 2555 sed

375 2583 448 2628 642
469 2581 533 2616 Dis
541 2583 663 2628 genite.
716 2588 803 2619 zzq.
830 2574 916 2610 wlis
930 2578 990 2610 im-
1057 2574 1104 2610 est
1148 2571 1342 2614 concitare,
1393 2569 1566 2614 incitare;
1620 2581 1673 2614 et,

374 2639 465 2669 mitte
488 2631 651 2671 radentes,
679 2637 717 2662 ut
736 2627 811 2662 vela
830 2627 992 2662 laxentur
1057 2624 1120 2662 ubi
1154 2624 1232 2660 vela
1271 2623 1447 2664 laxantur,
1508 2621 1672 2658 rudentes

373 2684 417 2720 ad
438 2692 582 2718 ventum
609 2678 874 2728 excipiendum.
929 2676 990 2713 Sic
1057 2689 1129 2712 non
1162 2676 1341 2716 laxantur,
1387 2672 1446 2709 sed
1480 2672 1672 2709 intendun-

373 2734 450 2783 sup.
469 2731 579 2774 VIII,
608 2732 680 2781 708
711 2730 790 2778 Ipsa
811 2727 996 2764 videbatur
1057 2736 1127 2764 tur.
1185 2738 1272 2773 ²3¹·
1311 2725 1478 2772 Peffidus,
1513 2724 1671 2772 quando-

374 2789 484 2824 vemis
514 2790 630 2838 regina
658 2787 785 2820 ‘vocatis
807 2778 890 2817 Vela
909 2780 990 2817 dare
1057 2778 1206 2829 quidem
1223 2775 1357 2814 foedere
1369 2777 1448 2825 jam
1462 2775 1554 2812 intet
1571 2774 1675 2812 Lati,

1602 2839 1668 2865 nOS
