1847 3313
344 271 755 330 AENEmOS,
815 269 964 319 ΜΒ.
1014 267 1107 319 ix.
1302 283 1394 333 347

94 407 254 457 Idaeae.
322 406 469 452 Sinite
491 419 621 451 arma
643 402 773 459 viris,
806 412 852 448 et
875 400 1029 448 cedite
1053 400 1190 449 ferro.
1304 399 1401 448 620

159 496 292 542 Talia
307 495 563 559 jaciantem
586 492 740 548 dietis,
773 506 826 537 ac
850 489 952 537 dira
975 502 1235 551 canentem,

95 586 208 635 Non
234 587 339 631 tulit
363 584 617 636 Ascanius;
652 595 893 643 nervoque
919 579 1135 626 obversus
1157 577 1331 642 equino

44 697 46 700 ’
96 676 307 724 Incendit
329 675 491 730 telum,
524 672 797 735 diversaque
828 669 1017 716 brachia
1043 667 1220 714 ducens

103 769 341 823 Constsstit,
376 780 483 814 ante
509 766 680 828 Jovem
706 762 904 825 supplex
922 776 1006 824 per
1029 771 1139 806 vota
1160 768 1407 822 precatus:

98 859 324 924 juppiter
337 860 653 922 omnipotens,
667 854 922 901 audacibus
940 852 1091 899 adnue
1105 849 1294 913 coeptiS.
1311 847 1369 895 62
1376 861 1402 911 ς

103 951 210 1015 Ipse
234 951 321 997 tibi
344 950 402 997 ad
427 962 505 996 tua
530 946 712 1009 templa
734 945 881 991 feram
903 939 1148 989 sollemnia
1163 938 1301 996 dona,

101 1041 167 1093 Et
185 1043 381 1093 statuam
404 1054 510 1089 ante
531 1057 627 1087 aras
650 1050 808 1086 aurata
833 1037 982 1082 fronte
999 1033 1262 1099 juvencum

105 1131 417 1188 Gaudentem,
452 1131 718 1194 pariterque
749 1137 894 1192 caput
929 1141 1043 1172 cum
1079 1135 1228 1171 matre
1257 1121 1412 1169 feren-

301 1234 416 1281 tem,

106 1315 214 1380 Jam
237 1330 382 1361 cornu
405 1324 538 1378 petat
564 1325 610 1360 et
627 1312 827 1377 pedibus
848 1310 932 1374 qui
955 1307 1140 1372 spargat
1161 1320 1368 1353 arenam.

150 1455 226 1489 620.
251 1457 330 1486 cedite
332 1456 430 1496 ferro,
453 1465 477 1486 c.
491 1453 590 1491 bello,
612 1452 712 1484 nolite
727 1461 816 1484 arma
826 1449 975 1482 traetare.
1022 1446 1082 1479 Sed
1104 1444 1158 1478 alii
1170 1444 1254 1487 apud
1266 1444 1352 1475 Serv.
1364 1450 1416 1473 ao-

107 1516 257 1548 eeperant
273 1509 406 1548 caeditef.
422 1507 482 1538 hoc
499 1506 554 1541 est,
577 1516 650 1536 cum
667 1503 726 1535 viri
743 1513 807 1534 non
824 1502 899 1539 fitis,
921 1499 1092 1531 abscindite
1117 1506 1243 1540 partem
1258 1497 1416 1527 virorum·

108 1559 255 1600 Dignum
273 1558 564 1590 Grammaticorum
577 1565 722 1593 acumen,
744 1565 799 1585 cur
811 1552 869 1595 ipsi
885 1551 1067 1583 castrentur.
1159 1548 1232 1580 621.
1253 1549 1324 1577 dura
1340 1548 1418 1578 Par·

108 1610 190 1643 rhas.
206 1621 223 1641 a
240 1621 282 1641 m.
297 1619 347 1651 pr.
360 1617 391 1640 et
400 1608 467 1639 bini
479 1605 742 1638 Goth.--—622.
767 1617 850 1635 nervo
865 1603 1007 1643 conversus
1024 1599 1162 1632 Dorvill.
1179 1610 1197 1630 a
1211 1610 1254 1629 m.
1270 1599 1418 1629 sec.——-

110 1663 186 1702 623.
213 1663 350 1693 Contendit
366 1661 475 1702 vulgg.
521 1660 641 1689 Intendit
652 1657 791 1699 reposuit
807 1655 916 1686 Heins.
935 1664 952 1685 e
968 1653 1052 1684 Gud.
1069 1659 1101 1683 et
1112 1660 1171 1693 pro
1186 1650 1251 1682 div.
1269 1648 1343 1680 leet.
1360 1648 1419 1680 alt.

113 1713 262 1749 Mentel„
282 1711 433 1754 quoniam
448 1710 560 1755 constitit
576 1708 772 1749 subsequitur
783 1705 938 1748 proxime.
983 1703 1032 1734 Sic
1045 1702 1113 1744 sup.
1130 1710 1196 1742 590
1209 1702 1317 1731 celerem
1332 1701 1420 1729 inten-

109 1765 173 1808 ὀψὲ
183 1765 330 1805 sagittam.
377 1761 438 1793 Sed
455 1761 547 1792 aliter
563 1769 652 1790 arcus
666 1757 821 1794 tenditur,
842 1755 935 1786 aliter
960 1753 1093 1795 sagitta3
1116 1751 1184 1782 haec
1200 1750 1354 1787 tenditur,
1371 1747 1422 1780 di-

110 1813 398 1858 flgitium—624.
418 1820 471 1855 per
493 1812 577 1842 ‘verba
598 1816 730 1852 precatur
756 1806 885 1839 Zulich.
926 1810 1058 1846 precatur
1083 1802 1179 1833 etiam
1205 1800 1361 1832 Montalb.
1388 1804 1423 1831 et

111 1867 193 1900 alter
218 1864 351 1897 Mentel.
441 1863 516 1904 629.
540 1860 656 1892 Versus
672 1858 755 1891 deest
776 1857 877 1890 Goth.
901 1863 975 1888 tert.
1019 1855 1061 1886 Et
1073 1853 1116 1885 est
1137 1853 1190 1884 ille
1216 1852 1369 1896 repetitus
1383 1862 1422 1886 ex

115 1918 183 1957 Ecl.
202 1918 257 1955 111,
279 1916 331 1955 87,
352 1925 453 1958 eoque
479 1914 512 1946 in
533 1912 679 1958 precibus
691 1910 740 1947 his
755 1909 869 1942 melius
883 1918 942 1940 nos
955 1917 1060 1938 carere
1076 1904 1224 1937 arbitror.

118 2028 195 2080 sup.
211 2029 284 2073 V1,
313 2033 385 2081 785
418 2027 489 2077 sq„
529 2035 563 2063 et
582 2027 652 2065 hoc
671 2023 738 2063 lib.

118 2094 152 2118 v.
192 2083 253 2119 82.
309 2082 398 2119 621.
427 2090 595 2118 canentem
625 2077 740 2127 simpl.

806 2028 958 2071 partem,
1001 2019 1209 2068 ἇμφοτὲξῃσι
1234 2015 1425 2066 θιασχὸμε·

809 2091 854 2110 νος
871 2073 1095 2122 παλάμῃσινς
1139 2070 1233 2106 forte
1259 2079 1294 2106 et
1321 2082 1426 2106 nervo

117 2132 315 2176 dicentem,
342 2141 381 2169 ut
396 2130 470 2181 ipsa
490 2143 541 2167 res
558 2130 678 2170 docet.

174 2188 246 2223 622
283 2183 359 2235 sqq.
400 2180 645 2220 Memorabile
669 2188 743 2218 erat

119 2234 190 2273 hoc
226 2236 352 2278 telum,
404 2233 536 2284 quippe
573 2232 744 2283 primum,

120 2286 220 2336 quod
236 2286 415 2324 Ascanius
447 2285 487 2323 in
515 2297 635 2336 pugna
657 2282 746 2321 emi-

123 2339 180 2381 fit,
208 2338 365 2389 primum
387 2335 530 2375 virtutis
546 2336 747 2372 *documen-

121 2397 224 2427 tum:
253 2390 375 2438 itaque
399 2400 525 2426 ornare
545 2391 652 2437 poeta
679 2399 746 2432 po-

124 2441 210 2480 tuit.
279 2441 380 2480 Fecit
425 2451 544 2477 tamen
594 2436 747 2476 Homeri

122 2492 305 2544 exemplo,
348 2493 413 2543 qui
449 2491 495 2528 fic
527 2489 680 2527 Pandari
709 2489 747 2526 in

125 2541 335 2582 Menelaum
356 2542 568 2586 mittendam
583 2540 748 2592 sagittam

125 2606 276 2633 exornat
313 2595 422 2633 Iliad.
459 2595 491 2639 δ,
537 2595 620 2631 116.
662 2604 747 2636 122,

126 2646 237 2683 etiarn
257 2660 377 2697 preces
414 2660 497 2699 119.
541 2643 655 2682 Conf.
677 2643 747 2681 inf.

127 2695 205 2743 XI,
244 2701 313 2749 857
348 2698 424 2749 sqq.
471 2697 642 2748 Apollon.
673 2694 747 2738 III,

129 2760 219 2800 275.
252 2754 324 2798 283
346 2749 396 2800 sq.
421 2750 466 2788 de
486 2749 633 2786 Amore.
689 2746 745 2783 Ex

127 2798 198 2838 hoc
233 2800 323 2837 illud
369 2801 499 2839 habet:
553 2801 687 2848 diverfh
709 2813 748 2836 ue

130 2850 270 2898 brachia
310 2854 443 2900 ducens,
489 2850 529 2893 in
572 2849 674 2891 diver
690 2863 747 2892 am

334 2916 356 2956 5

807 2125 947 2162 intendit
964 2123 1064 2160 telum
1078 2135 1092 2158 .·
1133 2120 1295 2168 ’γλυφίδας
1314 2122 1427 2171 μέσσῃ

810 2174 1002 2214 ἐνικάτθετο
1017 2178 1124 2225 νευςῇς
1143 2173 1204 2210 etsl
1220 2182 1256 2209 et
1271 2172 1427 2211 Homer.

810 2228 908 2272 αἶψα
924 2226 955 2263 δ’
974 2226 1029 2264 ἐπὶ
1048 2229 1133 2277 νευξῇ
1148 2225 1347 2270 κατεκόσμει
1370 2239 1429 2261 πι-

810 2282 879 2330 κςόν
892 2280 970 2320 ὃῖςόν
983 2294 994 2324 ;
1022 2288 1057 2315 et
1072 2289 1156 2315 mox
1173 2278 1273 2326 νευξῆν
1284 2280 1342 2322 μὲν
1357 2292 1430 2321 μοι·

813 2330 856 2382 ζῷ
889 2335 1048 2374 πέλασεν,
1092 2330 1176 2378 τόξῳ
1210 2328 1242 2367 δὲ
1289 2327 1431 2377 affinger-

812 2385 953 2427 Nervus
970 2391 1088 2419 autem
1106 2387 1237 2431 equinus
1271 2379 1359 2418 622.
1383 2378 1431 2415 de

812 2434 938 2473 setisne
954 2433 1038 2483 equi
1065 2445 1109 2469 an
1127 2429 1334 2468 tendinibus
1361 2429 1432 2467 erit

812 2485 1044 2537 accipiendus
1060 2485 1074 2522 ?
1117 2483 1166 2523 cf.
1203 2480 1430 2519 Wernsdorf.

811 2539 857 2576 ad
873 2537 1006 2574 Avien.
1041 2549 1078 2588 p.
1109 2547 1154 2584 33
1186 2533 1224 2571 in
1243 2532 1287 2571 P.
1305 2533 1350 2571 L.
1370 2531 1432 2570 M.

813 2589 902 2632 626,
928 2590 1028 2632 dona,
1053 2585 1282 2630 sacrificium,
1307 2593 1347 2621 ut
1375 2592 1432 2620 to-

815 2641 881 2678 ties
915 2643 1040 2690 poeta.
1095 2636 1195 2674 Male
1243 2635 1345 2673 Serv.
1386 2634 1434 2673 de

816 2691 990 2730 donariis.
1060 2689 1148 2740 627.
1191 2687 1243 2725 cf.
1278 2686 1359 2724 od.
1391 2703 1433 2733 «γ,

817 2748 890 2793 382
908 2742 960 2793 sq.
1015 2741 1103 2779 628.
1132 2749 1229 2789 caput
1246 2754 1316 2777 cum
1329 2748 1436 2775 matre

805 2800 996 2847 serentem3
1016 2792 1186 2843 aequalem
1204 2788 1324 2828 matri.
1351 2789 1436 2827 'leo-

816 2849 956 2905 μᾴτοςα
969 2845 1065 2895 ἀμνὸν
1077 2857 1122 2885 ex
1138 2843 1298 2936 TheocGr.
1314 2840 1439 2933 lxliliiidat

1285 2905 1327 2933 ue
1372 2904 1435 2932 us:
