1847 3313
293 251 391 300 680
487 249 544 297 P.
590 245 980 301 VIRGILII
1027 243 1431 302 MARONIS

296 385 409 449 Qo
432 384 562 441 deuS,
596 395 643 430 et
665 399 760 447 quo
783 383 900 436 dura
921 393 1058 430 vocat
1081 381 1303 439 Fortuna,
1341 381 1609 445 sequamur.

297 476 401 523 Stat
454 472 667 520 conferre
722 487 921 518 manum
977 469 1161 529 AEneae,
1220 471 1323 529 stat,
1378 469 1615 534 quidquid

491 561 649 608 acerbi
673 559 752 617 est,

298 652 464 700 Morte
486 650 613 713 pati:
651 665 738 696 nee
764 665 840 696 me
858 648 1146 706 indecorem,
1168 664 1409 714 germana,
1431 646 1619 697 videbis

299 743 541 806 Amplius.
565 741 731 798 Hunc,
755 755 859 805 oro,
873 740 968 786 fine
992 756 1068 787 me
1085 739 1239 786 furere
1261 709 1378 786 ante?
1391 738 1636 794 furorem(

1525 830 1616 880 681

302 926 487 988 Perque
509 923 668 980 hostis,
702 939 786 986 per
809 923 900 969 tela
923 923 1017 969 ruit
1035 946 1048 977 ;
1084 923 1392 988 maestamque
1415 924 1623 979 sororem

300 1014 503 1072 Deserit,
536 1030 589 1062 ac
606 1013 775 1079 rapido
797 1012 936 1068 cursu
957 1012 1115 1059 media
1135 1013 1329 1076 agmina
1351 1015 1552 1078 rumpit.

300 835 456 891 Dixit,
492 846 538 880 et
562 849 586 879 e
607 848 745 880 curru
770 831 941 879 saltum
964 830 1097 882 dedit
1119 832 1251 879 ocius
1273 831 1425 886 arvis;

305 1109 382 1157 Ac
405 1107 570 1165 veluti,
603 1105 781 1153 montis
804 1104 970 1152 saxum
988 1102 1047 1149 de
1070 1103 1245 1150 vertice
1267 1120 1480 1168 praeceps

351 1257 427 1298 678.
451 1257 573 1299 acerbum
586 1253 621 1298 est
637 1256 724 1286 Serv,
738 1252 779 1287 ad
789 1253 874 1297 AEn.>
885 1253 926 1290 ΙΙ,
949 1260 1024 1291 750.
1068 1250 1181 1293 Sicque
1194 1251 1291 1284 Goth.
1310 1262 1358 1294 pr.
1404 1252 1494 1285 Tum
1506 1252 1633 1291 melius,

306 1319 400 1355 puto,
422 1308 662 1352 interpungitur
671 1306 740 1349 post
757 1307 870 1342 Morxe,
893 1312 929 1336 ut
942 1304 1004 1336 fit:
1027 1303 1101 1342 Stat,
1121 1307 1252 1346 quidquid
1263 1307 1356 1338 acerbi
1375 1306 1410 1350 {st
1429 1308 1531 1344 Morte,
1549 1310 1625 1349 pati.

310 1362 474 1403 ,-.-679.
498 1372 580 1401 neque
595 1371 634 1388 m.
649 1359 732 1399 Reg.
751 1355 899 1387 Parthas.
927 1354 996 1386 bini
1013 1355 1114 1387 Goth.
1134 1364 1166 1387 et
1183 1356 1305 1387 Probus
1330 1356 1365 1387 in
1393 1356 1629 1388 Grammatica:

307 1415 415 1457 {icque
429 1414 551 1445 editum
568 1422 586 1442 a
602 1409 843 1454 Cuninghamo.
886 1421 936 1438 non
948 1410 1034 1439 indec.
1052 1408 1191 1440 Dorvill.
1282 1408 1356 1442 680.
1373 1410 1436 1440 Hoc
1450 1421 1498 1452 pr.
1510 1410 1628 1443 Hamb.

310 1470 384 1500 luere
402 1465 529 1497 Zulich.
548 1474 565 1494 a
582 1473 624 1495 m.
642 1473 691 1504 pr,
738 1462 774 1492 In
791 1460 966 1499 archarismo
982 1458 1015 1489 in
1031 1461 1136 1500 furere
1142 1462 1273 1501 furorem
1289 1470 1385 1500 nemo
1401 1459 1556 1499 haerebit3
1578 1459 1634 1491 sed

311 1519 401 1562 quod
417 1529 436 1548 a
450 1517 528 1548 viris
548 1514 650 1546 doetis
666 1512 860 1546 illustratum
877 1517 908 1542 et
938 1509 1117 1551 expofitum
1145 1508 1310 1549 volebam,
1331 1509 1393 1541 hoc
1419 1519 1510 1543 erat:
1534 1521 1634 1554 quan}
1702 1507 1706 1510 ’

311 1571 383 1604 vim
399 1569 432 1602 h.
451 1569 473 1601 1.
490 1567 606 1599 habeat
621 1574 693 1596 aute.
741 1564 870 1596 Servius
891 1561 1021 1604 exponit
1034 1576 1045 1606 r
1063 1565 1084 1581 “
1097 1561 1185 1604 prius
1208 1571 1306 1604 quam
1333 1562 1374 1594 ad
1393 1573 1468 1594 eum
1493 1563 1636 1600 veniam,

313 1633 351 1667 ut
362 1631 505 1667 pugnam
517 1627 626 1653 mente
642 1617 820 1660 concipiam
835 1624 868 1648 et
898 1615 1069 1647 instrudlus
1089 1614 1199 1646 furore
1229 1614 1263 1645 in
1282 1614 1366 1646 bella
1388 1617 1638 1658 prorumpam.”-

314 1676 427 1718 Digna
452 1671 674 1704 Grammatico
694 1667 932 1711 interpretatio,
953 1677 1018 1698 non
1033 1665 1157 1709 poetal
1199 1665 1325 1697 Cerda:
1350 1668 1512 1708 priusquam
1529 1669 1636 1698 moriar

313 1727 461 1770 supplet3
487 1725 572 1766 quod
589 1733 679 1764 aeque
696 1721 858 1763 putidum.
906 1718 1009 1761 Atqui
1039 1717 1073 1749 in
1100 1717 1151 1758 his
1177 1723 1209 1748 et
1231 1716 1384 1762 similibus
1413 1717 1638 1761 obmutescunt

314 1777 436 1810 summi
451 1776 527 1807 viri.
574 1773 642 1806 Nisi
658 1772 739 1803 vitio
756 1770 981 1813 coinquinatus
996 1768 1039 1801 est
1049 1768 1168 1807 versu5‚
1189 1767 1233 1800 est
1248 1767 1359 1809 utique
1373 1768 1460 1800 inter
1473 1780 1536 1808 eos,
1558 1780 1638 1811 quos

316 1833 430 1873 poeta,
454 1823 567 1859 donee
585 1823 784 1862 emendaret,
810 1822 936 1860 rudere,
960 1832 1000 1852 ne
1031 1821 1170 1858 hiarent,
1192 1819 1376 1862 complevit.
1422 1820 1515 1852 Alias
1543 1821 1637 1853 facile

314 1886 446 1924 poterat
460 1876 599 1921 sucenrri
613 1886 621 1907 τ
634 1876 698 1919 stne
708 1886 748 1904 me
753 1876 870 1915 furere,
886 1874 974 1910 alma,
985 1874 1035 1913 f.,
1056 1871 1107 1902 vel
1113 1872 1175 1916 stne
1188 1883 1228 1900 me
1243 1871 1363 1912 insanire
1365 1873 1512 1912 furorem.
1558 1873 1639 1904 Cer.-

318 1941 353 1966 te
368 1939 430 1963 ante
441 1930 567 1973 prorsus
581 1928 732 1959 alienum.
779 1925 853 1956 Sine
869 1935 934 1962 me,
955 1935 974 1954 ο
1002 1923 1103 1960 soror,
1138 1921 1306 1964 indulgere
1332 1921 1435 1967 furori
1460 1922 1537 1954 huic
1553 1933 1639 1963 meo,

317 1975 382 2017 hoc
398 1977 526 2019 εἰὶῖτεε,
549 1978 673 2014 virtuti,
696 1983 733 2008 ut
759 1975 947 2018 congrediar
964 1984 1038 2009 cum
1054 1975 1172 2011 AEnea,
1197 1973 1307 2010 etiam,
1329 1972 1351 2003 fi
1367 1973 1472 2005 fatalis
1486 1984 1573 2005 mors
1588 1975 1640 2008 in.

318 2038 389 2076 stet.

319 2089 356 2122 in
382 2097 469 2123 arva,
490 2086 524 2116 in
546 2092 678 2121 terram,
697 2078 994 2122 XWJZJ--aeffi
1027 2086 1054 2110 et
1074 2079 1128 2109 tela
1149 2084 1215 2123 tres
1238 2078 1350 2109 Burm.

322 2141 424 2185 Goth.
437 2146 513 2171 tert.

481 2034 556 2066 681.
577 2046 594 2062 a
610 2043 693 2062 curru
708 2039 758 2071 pr.
773 2028 894 2060 Hamb.
938 2030 1025 2058 armis
1039 2027 1115 2065 see.,
1137 2026 1192 2058 sed
1206 2029 1287 2056 arvis
1305 2025 1348 2057 est
1365 2037 1402 2058 eX
1415 2036 1504 2057 more
1519 2031 1639 2069 POEtae,

1441 2077 1481 2110 68
1485 2088 1515 2119 3.
1538 2068 1646 2124 ίηψιίίρ.ν

329 2267 402 2304 170
428 2261 464 2289 et
487 2264 574 2303 530.
629 2249 718 2287 680.
745 2257 838 2292 ante,
865 2255 948 2284 ante
1014 2245 1137 2284 Theb.
1154 2257 1230 2296 744
1243 2244 1326 2295 sqq.¹
1350 2242 1475 2280 Valet.
1496 2241 1552 2280 Fl.
1566 2240 1641 2284 VI,

323 2319 433 2356 quam
451 2308 674 2352 morlepmiar
690 2300 844 2352 quicquid
855 2314 949 2336 acer·
1017 2301 1085 2347 631
1109 2297 1186 2346 sqq.
1230 2296 1331 2334 Add.
1352 2295 1478 2332 Tassus
1510 2294 1647 2346 Gierusax

327 2358 440 2408 biaest3
470 2355 528 2392 sed
542 2354 618 2391 vid.
637 2352 728 2389 Vas.
745 2351 845 2388 Leti.
1017 2350 1078 2388 lib.
1099 2349 1254 2390 XVIII,
1287 2349 1339 2384 St.
1362 2351 1424 2385 82.
1478 2345 1548 2382 Sed
1567 2359 1643 2382 om-

381 2411 458 2458 684
489 2406 589 2456 seqq.
636 2402 877 2454 Comparatio
904 2413 951 2445 ex

325 2461 403 2550 iplsa
417 2471 533 2519 rerum
546 2466 673 2545 nagura
693 2453 890 2542 unixfffflque
901 2453 955 2490 fa-

327 2525 364 2550 ci
380 2525 399 2549 e
450 2520 543 2547 oetae
560 2523 582 2546 o
610 2521 681 2545 via.
779 2519 820 2542 ec
838 2516 956 2542 tamen

327 2525 497 2614 ignorpare
515 2559 634 2611 potuit
653 2557 853 2608 Virgilius,
875 2568 956 2602 earn

323 2617 403 2668 jam
443 2614 489 2650 ab
542 2612 707 2649 Homero
768 2609 955 2646 nauatam

328 2666 476 2709 lurida,
501 2676 567 2714 137
585 2663 661 2714 sqq.
680 2661 836 2698 Hefiod.
853 2659 952 2697 Scut.

331 2717 492 2770 374sqq.
513 2729 601 2765 437.
618 2714 672 2751 Ex
684 2711 851 2763 Virgilio
870 2723 953 2761 pro-

329 2770 492 2808 fecerunt
525 2766 590 2802 alii
620 2765 729 2803 etiam
749 2762 900 2800 Guellio
918 2771 954 2798 et

331 2820 464 2861 Cerdae
496 2817 648 2861 laudati,
705 2814 839 2854 Statius
876 2813 954 2852 VH.

1017 2401 1120 2438 nium
1172 2398 1459 2448 diligentissimus
1504 2395 1543 2433 in
1585 2410 1643 2434 or-

1019 2451 1196 2490 namentis
1231 2452 1292 2502 Q
1317 2449 1472 2490 Calaber
1506 2448 1572 2486 lib.
1608 2448 1644 2494 1,

1022 2505 1099 2553 694
1127 2502 1204 2553 sqq.
1231 2503 1299 2539 lib.
1336 2501 1388 2545 H,
1426 2500 1650 2551 378--385ss

1022 2555 1190 2592 Maronis
1219 2553 1361 2591 laudem
1381 2553 1542 2589 cumulat
1564 2565 1645 2589 ora-

1023 2606 1076 2643 tio
1095 2606 1277 2643 elaborata
1303 2614 1338 2641 et
1359 2603 1645 2654 phantasmatum

1020 2658 1171 2695 dilestus
1183 2657 1358 2706 simulque
1371 2657 1535 2704 ἐνάργεια.
1557 2656 1646 2706 685„

1021 2710 1108 2748 686.
1135 2709 1251 2745 variat
1265 2707 1467 2745 orationem
1484 2718 1550 2757 pro
1566 2703 1651 2743 vul-⁴

1019 2761 1124 2811 gari:
1154 2758 1314 2797 avolsum
1326 2768 1433 2795 vento
1452 2757 1508 2795 seu
1528 2757 1647 2795 imbre

1019 2815 1077 2850 seu
1096 2811 1276 2865 vetustate.
1316 2808 1484 2861 sublabsa
1501 2812 1650 2897 vetsustas

1569 2873 1644 2906 axx,
