1847 3313
415 215 822 286 AENEIDOS,
871 217 1018 278 LIB.
1068 217 1160 278 XI}
1325 240 1415 294 513

101 350 219 413 'Non
242 347 363 417 haee,
396 376 426 408 ο
450 357 596 416 Palla,
622 357 813 405 dederas
836 358 1058 420 promiffa
1080 357 1282 422 parentia

105 448 301 500 Cautius
325 458 378 497 ut
406 449 533 496 saevo
557 449 697 496 velles
723 460 768 495 te
791 447 976 495 credere
1000 449 1150 496 Marti
1170 442 1181 496 ἱ

103 537 251 590 Haud
267 540 457 604 ignarus
475 554 618 596 eram,
633 547 867 602 quantum
886 555 1008 586 nova
1022 539 1176 604 gloria
1193 540 1243 586 in
1259 540 1420 597 armis,-

101 628 168 680 Et
189 628 431 694 praedulce
447 629 590 676 decus
614 629 775 692 primo·
791 631 1048 677 certamine
1069 630 1233 693 poffet.
1329 644 1415 694 155

102 718 338 768 Primitiae
355 719 545 783 juvenis
573 717 756 765 miserae
778 711 788 763 !
829 719 1038 782 bellique
1061 719 1322 783 propinqui

104 808 239 857 Dura
263 809 531 856 rudimenta
554 798 564 854 ἔ
601 821 647 856 et
669 809 786 856 nulli
812 810 1032 856 exaudita
1057 812 1257 858 deorum

105 897 226 949 Vota
241 899 498 963 precesque
511 897 657 945 meae!
683 909 843 961 tuque,
859 915 888 944 o
904 898 1181 948 sanffiffima
1197 902 1423 966 conjunx,-

107 984 239 1040 Felix
262 1001 416 1037 morte
432 1000 526 1046 tua,
549 1005 702 1052 neque
718 988 768 1035 in
790 990 916 1036 hunc
936 990 1115 1038 servata
1131 993 1346 1041 dolorem
1366 995 1378 1041 ἱ

1332 1099 1349 1129 1
1362 1083 1426 1131 60

108 1168 355 1219 Restarem
386 1179 438 1214 ut
455 1169 661 1231 genitor.
700 1169 886 1217 Troum
909 1172 1034 1220 socia
1058 1185 1188 1219 arma
1211 1174 1427 1224 secutum

107 1083 286 1130 Contra
310 1097 400 1144 ego
423 1080 626 1127 vivendo
651 1081 744 1127 vici
769 1097 874 1127 mea
899 1081 1008 1140 fata,
1032 1082 1260 1145 superstes

153 1324 227 1356 152.
255 1325 328 1356 153.
353 1316 385 1347 Si
402 1316 477 1347 ver'a
492 1315 561 1346 hae'c
590 1315 635 1347 est
651 1314 747 1346 leeaeio
762 1323 794 1346 et
815 1315 1048 1358 interpunffio,
1066 1329 1136 1360 quae
1153 1319 1252 1362 vulgo
1268 1319 1425 1352 habetur:

115 1368 177 1400 Non
203 1368 267 1399 haec
291 1368 409 1398 dederas
434 1368 563 1410 promg‘fflz
581 1369 707 1409 parenti,
733 1368 849 1398 Cautius
874 1378 906 1398 ut
924 1369 1004 1412 servo
1030 1371 1119 1400 velles
1134 1383 1145 1401 ,-
1173 1371 1275 1402 invita
1301 1372 1427 1402 ratione

108 1418 320 1460 grammatica
343 1418 467 1448 didium
494 1418 558 1447 est:
590 1420 752 1459 promittere
779 1427 818 1448 ut.
867 1420 987 1450 Ruaeus
1013 1431 1078 1450 non
1102 1421 1185 1452 male
1208 1422 1350 1464 supplet:
1376 1422 1429 1465 scd

99 1471 170 1514 fore
185 1477 234 1502 ut.
281 1469 377 1500 Poffit
402 1479 528 1510 quoque
552 1469 666 1510 aliquis
686 1468 849 1511 supplere:
868 1475 994 1511 parenti,
1019 1482 1093 1503 cum
1116 1484 1176 1514 ego
1193 1481 1225 1504 te
1249 1484 1429 1511 monerem,

109 1530 143 1553 ut
163 1521 263 1553 velles.
312 1520 373 1551 Sed
404 1528 475 1551 tum
505 1519 695 1561 praestitiffet
726 1521 832 1552 statim
861 1522 1018 1554 scribere:
1043 1535 1094 1555 non
1121 1526 1184 1556 haec
1200 1526 1228 1555 d.
1246 1534 1280 1568 p.
1299 1527 1428 1561 monenti,

109 1572 228 1604 Cautius
259 1572 332 1615 uts.
358 1584 392 1602 v.
440 1572 558 1612 Ineptit
591 1571 737 1603 Servius:
767 1572 815 1603 nil
836 1573 947 1604 vident
971 1575 1076 1605 Cerda
1107 1582 1139 1606 et
1165 1576 1285 1608 caeteri.
1333 1577 1428 1606 Unus

110 1624 209 1655 Faber
228 1623 373 1655 alterum
390 1623 480 1665 jubet
505 1624 632 1655 versum
654 1624 818 1666 sejungere
847 1636 864 1655 a
889 1625 1056 1667 superiori,
1072 1634 1103 1658 et
1121 1628 1294 1668 explicarez
1319 1630 1427 1659 utinam

109 1687 178 1706 vero
188 1675 315 1719 volugffis
331 1677 438 1707 cautius
455 1683 480 1705 te
508 1675 615 1706 credere
631 1668 733 1706 Marti
747 1677 758 1707 ,Ι
795 1676 842 1706 lta
857 1677 947 1707 velles
963 1687 1021 1718 pro
1052 1677 1210 1709 voluisses.
1259 1679 1430 1710 Praestaret

110 1725 222 1757 saltem
246 1726 306 1758 fic:
331 1727 448 1758 Cautius
465 1735 495 1756 at
511 1726 608 1756 velles.
658 1727 692 1756 In
722 1726 882 1757 Servianis
907 1728 1063 1759 traditur:
1099 1733 1119 1748 “
1137 1729 1207 1759 Alii
1229 1740 1293 1760 nou
1313 1731 1428 1772 parenti

110 1777 164 1808 sed
173 1779 281 1822 petenti
297 1776 408 1818 legunt
422 1776 457 1806 :¹’
481 1776 567 1817 quod
593 1775 648 1806 etsl
665 1776 703 1807 ab
720 1777 852 1808 indmsso
873 1779 1085 1819 grammatico
1101 1790 1269 1821 perperam
1295 1779 1428 1822 exponi-

110 1836 175 1866 tur,
201 1836 311 1859 tamen
328 1827 416 1858 omni
442 1827 621 1858 difficultati
637 1829 788 1866 occurrit,
812 1836 842 1859 et
871 1829 988 1860 merito
1014 1829 1070 1871 ipsi
1086 1830 1217 1861 Heinsio
1242 1831 1430 1865 concinnius

112 1879 296 1911 videbatur:
326 1880 434 1922 petenti
462 1877 544 1908 mihi
573 1887 606 1908 ut
634 1878 735 1910 «velles.

112 1929 214 1961 Goth.
232 1935 306 1960 tert.

112 2084 270 2116 Rottend.
287 2096 315 2115 n.
330 2095 354 2114 e.
374 2085 502 2125 priorum
517 2083 577 2115 sec.
607 2083 727 2113 Hamb.

398 1937 471 1967 154.
495 1928 588 1959 Haud
612 1930 730 1970 ignarus
755 1931 823 1960 enim
849 1929 969 1962 Hamb.
998 1941 1047 1971 pr.
1073 1941 1137 1961 non
1167 1931 1305 1973 illepide.

111 1982 220 2025 gaudia
241 1979 311 2011 cod;
329 1979 462 2010 Thuan.
479 1990 530 2020 ap.
552 1979 702 2011 Macrob.
722 1981 781 2018 IV,
807 1980 837 2012 6.

112 2043 167 2075 qu.
193 2033 313 2064 Moret.
355 2032 435 2074 pqffit
463 2031 586 2072 aliquot
612 2032 724 2063 Burm.
754 2040 787 2063 et
819 2032 918 2063 Goth.
945 2043 994 2075 pr.

831 1887 905 1918 153.
929 1889 980 1910 aut
994 1881 1078 1924 saevo
1104 1882 1201 1911 Rom.
1247 1891 1273 1913 te
1297 1895 1338 1913 cr.
1360 1882 1431 1912 bella

1351 1942 1430 1963 nova

933 1991 1004 2020 155.
1021 1991 1052 2024 p.
1073 1985 1100 2013 in
1117 1985 1264 2014 certamine
1281 1985 1366 2014 Ven.
1395 1991 1429 2015 et:

1085 2043 1158 2073 157.
1185 2036 1273 2066 Clara
1303 2049 1330 2068 r.
1365 2036 1426 2067 sec.

820 2083 890 2115 160.
915 2087 982 2116 vixi
996 2086 1078 2128 nas.
1106 2089 1236 2128 Menag.
1256 2098 1304 2130 pr.
1349 2091 1430 2122 vinci

114 2134 165 2166 vel
180 2137 262 2167 vinco
288 2133 452 2166 Montalb.
487 2135 578 2176 faft'a
597 2133 1017 2179 Zulieh.—-—161.secmus
1029 2147 1077 2178 pr.
1096 2137 1231 2179 Menag.

113 2265 253 2342 dol¹05rZ⁰
265 2249 736 2354 Ιοᾊςυόεοηῖὶνεῖζωῖῧξὲεοὶξιιιῗ

115 2356 215 2394 Le&
269 2355 308 2392 Si
327 2367 407 2391 vera
432 2355 479 2392 est
510 2354 634 2397 leffio,
669 2353 737 2398 ita,

115 2418 154 2446 ut
169 2406 334 2449 fecimus,-
369 2405 672 2457 interpungenda,
701 2415 738 2443 et

115 2461 163 2498 fic
198 2457 376 2509 explenda
411 2459 495 2504 esta
530 2459 620 2496 Non
666 2457 737 2495 hoc

113 2509 325 2563 promiseras
358 2508 449 2547 mihi
487 2508 526 2546 in
565 2507 735 2546 disceffu!

39 2571 47 2578 ·
115 2574 154 2601 ut
169 2560 290 2606 velles,
310 2560 452 2598 utinam
467 2559 648 2605 voluisses,
668 2575 738 2598 cre-

113 2616 192 2653 dere
208 2625 240 2651 te
258 2613 388 2656 Mani,
402 2625 547 2662 pugnae,
563 2611 741 2663 periculo,

118 2670 245 2704 cautius
259 2667 278 2702 !
305 2663 428 2701 Etiam
447 2664 486 2701 id
504 2664 582 2715 sqq.
601 2663 743 2700 senten-

118 2717 181 2754 tiae
207 2715 369 2766 abruptae
400 2714 563 2753 dolorem
595 2723 743 2753 acuunt.

123 2770 210 2822 156.
250 2765 332 2805 belli
350 2773 541 2819 propinqui,
568 2764 742 2805 finitimi:

169 2818 208 2857 T
212 2830 289 2859 om.
316 2816 390 2856 ΙΙΙΊ

803 2265 844 2290 ac
876 2252 1033 2290 nimium
1061 2254 1190 2297 vicini,
1222 2261 1295 2306 quo
1315 2255 1428 2295 Pallas

803 2303 902 2341 mitti
930 2305 1064 2355 poffet3
1111 2317 1149 2343 ut
1181 2307 1281 2345 Serv.
1341 2312 1428 2347 160.-

802 2358 953 2393 vivendo
981 2363 1054 2394 vici
1077 2374 1151 2396 mea
1164 2363 1282 2410 fata3
1310 2359 1428 2410 fimpla

804 2407 977 2458 accipio:
1006 2408 1115 2446 vitam
1150 2410 1310 2460 protraxi
1347 2412 1428 2448 lon-

802 2458 886 2508 gius
902 2472 1009 2509 quarn
1028 2471 1154 2498 natura
1169 2461 1261 2500 ferre
1278 2463 1428 2499 videba-

805 2519 880 2555 tur,-
909 2510 1072 2562 mihique
1090 2513 1182 2549 adeo
1209 2513 1284 2564 ipse
1309 2513 1430 2565 super-

804 2561 898 2605 vixi,
930 2569 970 2599 ut
1001 2575 1102 2613 pater
1131 2564 1298 2614 superstes
1323 2566 1428 2604 effem

805 2611 916 2650 nato!
946 2618 1038 2664 sata
1064 2628 1130 2666 pro
1165 2627 1293 2660 morte,
1320 2630 1428 2667 quam

803 2676 850 2701 ex
882 2674 1019 2703 naturae
1059 2667 1138 2716 lege
1175 2667 1250 2716 jam
1287 2667 1428 2708 dudum

804 2714 924 2753 subire
967 2717 1153 2761 debuisset,
1193 2728 1294 2756 aetate
1338 2720 1430 2758 adeo'

806 2768 987 2857 Ρῐείξεὲε.
1040 2769 1185 2809 Servius
1213 2781 1250 2810 et
1278 2771 1344 2810 alii
1373 2772 1429 2809 in-

946 2840 948 2842 >
1358 2831 1429 2862 ter-
