1847 3313
342 297 753 354 AENEIDos,
801 295 948 343 ΜΒ.
1000 295 1093 344 XI.
1275 305 1369 357 547

59 420 206 476 Haud
229 428 374 486 secus,
398 440 538 492 atque
561 428 658 474 alto
681 427 728 472 in
753 427 861 474 luco
886 442 998 473 curn
1022 425 1143 473 forte
1166 436 1368 472 catervae

56 518 320 566 Consedere
342 520 517 576 avium,
539 517 780 582 piscosove
802 533 940 563 amne
965 517 1158 564 Padusae

54 607 184 656 Dant
202 608 408 655 sonitum
435 607 567 655 rauci
588 621 674 668 per
696 606 858 668 stagna
886 605 1102 667 loquacia
1126 605 1281 668 cycni.

0 721 1 725 =
53 695 229 753 Immo,
246 696 329 752 ait,
353 710 382 742 o
405 695 550 751 cives,
573 694 770 756 adrepto
794 704 1024 755 tempore,
1062 693 1266 750 Turnus,

55 785 225 850 Cogite
239 787 516 842 concilium,
542 796 588 831 et
605 800 774 848 pacem
790 784 978 831 laudate
1001 785 1232 832 sedentes:
1269 784 1366 844 460

53 876 134 923 Illi
159 877 301 923 armis
330 877 377 921 in
401 892 545 938 regna
570 887 724 921 ruant.
796 875 899 921 Nec
919 875 1056 938 plura
1080 874 1265 922 locutus

54 963 306 1026 Conripuit
330 963 422 1010 sese
445 975 492 1010 et
516 964 650 1010 tectis
670 963 791 1010 citus
810 963 980 1009 extulit
1003 963 1126 1010 altis,

93 1115 170 1154 456.
193 1118 221 1149 in
239 1115 322 1148 abest
336 1114 436 1147 Goth.
459 1122 535 1148 tert.
565 1123 595 1147 et
608 1109 686 1148 Exc.
704 1116 815 1148 Burm.
863 1128 924 1148 cum
936 1115 1037 1160 fronte
1060 1114 1140 1146 alter
1155 1108 1365 1161 Hamb.—ae

51 1174 126 1205 457.
152 1168 292 1208 Corfide're
316 1169 447 1209 Hugen.
475 1175 505 1198 et
528 1170 603 1200 tert.
624 1167 757 1199 Mentel.
787 1177 860 1198 cum
876 1169 959 1209 Reg.
997 1169 1073 1198 amni
1094 1161 1238 1198 Parthas.
1279 1166 1367 1209 piscat-

40 1216 130 1260 saque
160 1217 265 1259 plures
287 1229 339 1260 ap.
373 1220 484 1249 Burm.
516 1219 668 1261 piscosae-ve
692 1217 995 1256 Oudart.—-—-458.
1020 1220 1098 1249 nivei
1120 1220 1238 1248 Mox-et.
1256 1227 1309 1258 qu.
1332 1223 1366 1247 et

52 1268 181 1300 Vratiss.
240 1270 369 1313 loquacia
401 1269 532 1300 firmant
558 1268 756 1300 vetustissimi
787 1270 885 1299 Rom.
913 1268 1028 1299 Medic.
1064 1276 1095 1299 et
1121 1267 1163 1300 al.
1223 1268 1366 1311 loquencia

51 1318 101 1349 vel
125 1320 265 1363 loquentia
298 1332 369 1362 pars
393 1321 483 1352 codd.
512 1321 592 1352 Picr.
626 1329 657 1351 et
681 1320 781 1351 Goth,
812 1328 903 1358 tert.,
934 1320 1036 1361 sicque
1068 1319 1160 1351 codd.
1191 1319 1293 1350 Servii
1324 1319 1367 1349 ad

52 1365 122 1403 Ecl.
142 1373 231 1409 VIII,
247 1381 300 1410 22,
316 1383 387 1412 quae
400 1371 537 1402 varietas
553 1379 583 1402 et
601 1371 676 1402 alibi
689 1371 838 1403 occurrit.
885 1371 1021 1413 liquentia
1038 1371 1144 1412 Bigot.
1163 1379 1194 1402 et
1207 1371 1266 1402 Ed.
1282 1372 1366 1401 ven.

51 1423 138 1465 apud
154 1423 262 1454 Burm.
282 1433 353 1453 cum
367 1422 507 1454 Dorvill.
554 1424 679 1465 liquacia
702 1433 752 1464 pr.
769 1422 906 1459 Moret„
930 1432 993 1462 quo
1010 1429 1153 1463 apparet,
1171 1422 1279 1452 onmia
1295 1421 1366 1451 haec

51 1472 113 1507 effe
130 1486 148 1505 a
170 1474 376 1505 librariorum
392 1474 518 1515 stupore
534 1474 689 1516 profecta.
722 1473 760 1504 cf.
779 1473 846 1514 sup.
866 1473 906 1504 ad
922 1474 982 1509 IX,
1012 1472 1086 1514 679.
1131 1472 1366 1514 Interpolat'um

49 1526 138 1558 estin
155 1526 225 1558 aliis
244 1526 351 1568 stagna
373 1525 504 1569 ſsmantia
519 1537 568 1567 ap.
588 1526 670 1556 Pier.
695 1532 725 1556 et
741 1525 773 1555 in
795 1525 900 1566 Sprot.
987 1534 1063 1565 459.
1082 1536 1095 1554 o
1109 1523 1234 1565 juvenes
1257 1518 1363 1555 Schol.

49 1579 209 1611 Statiilib.
231 1580 292 1609 VII
304 1579 412 1610 Theb.
432 1578 506 1620 6172.
531 1581 638 1610 arra-fio
652 1576 834 1610 Goth.terl;.
925 1577 1001 1616 460.
1025 1587 1052 1609 et
1068 1578 1151 1609 deest
1162 1589 1216 1619 qu.
1237 1579 1365 1609 Moret-

40 1632 186 1677 sequentes
210 1631 316 1672 Bigot.
407 1630 485 1667 461.
510 1631 551 1661 ad
568 1635 641 1662 tec7a
668 1631 726 1661 Ed.
753 1641 801 1672 pr.
832 1631 942 1661 Burm.
961 1637 992 1660 et
1009 1630 1109 1661 Goth.
1141 1629 1202 1660 sec.
1244 1632 1271 1661 in
1288 1633 1363 1661 retia

49 1683 154 1714 Schol.
174 1682 267 1712 Statii
282 1683 344 1711 VII
359 1679 465 1711 Theb.
483 1681 557 1713 612.
605 1691 691 1713 ruant
715 1693 731 1712 e
751 1681 828 1713 libb.
847 1681 909 1712 suis
926 1688 957 1712 et
974 1679 1058 1712 Pier.
1078 1679 1221 1723 praetulit
1236 1675 1364 1719 Heius,

46 1745 105 1776 pro
121 1733 253 1775 vulgato
275 1738 374 1770 ruunt,
397 1731 483 1773 quod
506 1740 537 1763 et
562 1732 666 1774 ipsum
689 1732 778 1763 suam
793 1732 860 1763 vim
875 1731 1024 1763 habebat.

738 1833 806 1886 vit,
823 1833 1048 1891 simpliciter,
1084 1853 1104 1877 a
1130 1839 1286 1877 clamore
1303 1832 1362 1876 vel

739 1902 862 1940 cantu.
918 1891 1118 1929 Transtulit
1149 1892 1220 1929 hoc
1251 1891 1362 1927 Clau-

737 1943 840 1981 dian.
862 1942 1018 1987 XXXI,
1052 1956 1137 1993 109.
1163 1956 1247 1980 110.
1304 1941 1363 1978 De

738 1993 877 2031 Padusa
908 2004 1073 2032 accurate
1103 1994 1180 2044 egit
1208 1994 1361 2031 Cluver.

737 2045 819 2083 Ital.
839 2056 913 2083 ant.
934 2046 999 2083 lib.
1028 2046 1060 2089 I,
1090 2059 1168 2096 cap.
1193 2059 1266 2096 35:
1308 2048 1362 2082 cf.

736 2097 835 2136 Serv,
892 2097 1139 2135 Ambitiosum
1154 2099 1234 2135 cll'et
1251 2097 1362 2133 Italos

98 1855 187 1893 457.
209 1844 299 1893 458.
329 1837 445 1879 Padus
472 1849 671 1888 'cycnorum

46 1894 152 1944 copia
171 1894 268 1943 apud
300 1897 425 1943 po'et'as
443 1892 644 1929 celebratus
661 1904 670 1927 :

45 1944 83 1982 in
102 1945 237 1996 septem
269 1943 357 1981 ostia
390 1957 474 1981 cum
509 1954 671 1993 tempore

45 1996 230 2046 diductus,
265 1996 362 2032 binis
380 1994 536 2045 primum
575 1994 671 2031 ostiis

45 2047 84 2084 in
117 2061 213 2085 mare
248 2047 387 2084 delatus
415 2047 477 2090 est,
513 2058 669 2096 quorum

46 2100 198 2148 alterum
235 2097 511 2149 septentrionem
554 2097 671 2146 versus

45 2162 120 2188 erat
141 2151 286 2194 Valana,
314 2150 468 2186 alterum
484 2162 503 2184 a
519 2147 671 2184 meridie

43 2199 180 2253 Padusa
212 2215 324 2252 prope
359 2194 508 2251 Spinam
539 2213 559 2235 a
580 2200 671 2236 mari

44 2263 252 2303 exceptum.
291 2252 464 2289 Creditur
481 2252 547 2288 effe
563 2251 670 2295 illud,

43 2306 143 2356 quod
158 2319 251 2342 nunc
273 2304 301 2340 il
315 2305 361 2341 Po
379 2304 574 2354 d’Argenta
607 2315 669 2352 ap-

42 2357 210 2407 pellatur.
265 2355 408 2392 Ostium
442 2354 510 2390 boc
539 2370 669 2391 amnem

43 2408 139 2445 dixit
169 2418 204 2444 et
236 2407 383 2458 quidem
418 2409 598 2455 pfieffum,
630 2415 670 2442 ut

44 2457 229 2496 Homerus
276 2455 460 2508 ῗχέωόεντοι
508 2456 666 2506 Hyllum

43 2510 149 2548 Iliad.
198 2528 230 2555 v,
280 2524 367 2561 392.
440 2508 542 2545 Facit
576 2508 668 2545 illud

43 2561 257 2613 quibusdam
270 2559 559 2612 Iocis'paludem,
581 2559 666 2596 hinc

30 2616 176 2664 stagna,
204 2626 283 2663 quae
301 2613 453 2663 loquacia
478 2610 578 2648 dixit
596 2611 667 2647 cle-

44 2673 188 2714 ganter,
222 2677 241 2700 a
276 2663 492 2714 loquacibus
523 2662 666 2712 cygnis,

45 2727 84 2752 ut
110 2716 175 2752 inf.
198 2714 292 2760 XII,
319 2728 392 2766 475
418 2715 506 2752 nidos
524 2715 669 2765 loquaces

45 2765 276 2815 hirundini33
316 2765 382 2805 hos
416 2780 531 2805 raucos
563 2777 669 2802 voca-

735 2149 925 2199 scriptores
953 2150 1114 2193 laudare,
1142 2149 1205 2198 qui
1233 2150 1278 2185 de
1303 2149 1361 2185 his

735 2201 832 2238 ostiis
868 2200 1016 2251 copiose
1049 2213 1183 2250 egere:
1231 2201 1360 2250 Nuper

738 2252 927 2289 Giambatt.
998 2253 1155 2290 Ilffinzoni
1207 2252 1360 2299 demon-

735 2305 880 2341 stratum
923 2303 1010 2341 ivit:
1067 2304 1132 2340 effe
1182 2303 1357 2341 Padusam

736 2354 902 2393 Canalem
922 2356 960 2392 S.
996 2355 1144 2398 Alberti,
1164 2355 1200 2392 h.
1218 2369 1253 2393 e.
1281 2354 1358 2393 fos·

734 2406 806 2443 sam
837 2405 916 2442 XII
944 2406 1002 2445 M.
1039 2407 1123 2456 pass.
1143 2420 1164 2442 a
1182 2406 1357 2445 Ravenna

734 2456 892 2495 ductam.

784 2522 873 2560 459.
901 2509 1115 2546 Concilium
1144 2509 1270 2547 habete
1296 2525 1356 2547 ar·—

732 2572 819 2610 repto
838 2572 987 2610 tempore,
1008 2562 1174 2610 εὖκαίξως,
1196 2565 1222 2599 ἐν
1237 2567 1353 2611 καιξῷ,

732 2625 813 2648 cum
834 2608 1007 2649 irrisione.
1064 2613 1152 2661 462.
1181 2617 1254 2662 fise
1285 2630 1354 2651 cor-

733 2669 846 2712 ripuit,
872 2666 1002 2713 ὤξνυτο,
1030 2664 1176 2713 ὧξμ.ήὲῐη,
1196 2668 1354 2702 ἔσσυται..

735 2713 792 2750 Ex
811 2714 867 2751 his
884 2728 924 2752 ac
944 2715 1115 2753 similibus
1133 2717 1281 2757 ductum
1297 2717 1354 2753 vi-

734 2765 841 2803 detur
887 2777 1015 2816 rupere,
1059 2774 1234 2818 cot-fiper&
1286 2780 1352 2817 pro

787 2816 832 2854 M
853 2831 887 2853 in
917 2831 936 2857 z
1194 2830 1352 2864 movere,
