1847 3313
393 251 511 302 AD
561 242 939 301 LIBRUM
997 243 1108 302 vn.
1327 264 1418 323 157

112 384 286 438 ‘adscripti
302 385 398 430 sunt,
427 385 521 423 inter
537 384 826 423 elaboratiffimos
843 389 961 436 poetae
987 386 1088 424 locos
1106 387 1166 426 est.
1222 388 1420 427 Suavitatis

113 446 246 489 tamen,
272 458 380 496 quam
398 445 520 490 habet,
539 444 699 482 maxima
724 458 802 495 pars
837 458 857 482 a
888 445 1019 482 fabulis
1053 447 1191 485 Graecis
1223 449 1329 486 ducta
1354 449 1419 489 est.

114 492 252 543 Verum
283 518 347 542 nec
365 505 440 554 ejus
458 504 608 542 omnino
632 504 704 541 ulla
731 505 824 542 ratio
841 505 944 542 reddi
963 506 1089 555 potest,
1108 506 1172 544 nifi
1192 517 1310 546 teneas
1329 508 1416 552 hoc‚·

108 576 232 603 omnes
249 563 413 614 popuIOS,
445 563 508 613 qui
529 576 613 600 cum
633 562 762 600 Turno
780 563 818 600 in
838 562 961 600 Latini
979 563 1142 614 partibus
1159 565 1254 610 sunt,
1284 567 1418 605 Graeca

108 622 251 673 origine
278 632 374 660 ortos
403 621 488 659 ferri
498 638 510 668 3
543 621 667 659 AEneae
699 631 823 659 contra
851 621 967 659 socios
1001 623 1088 660 addi
1121 624 1239 676 prisca
1271 626 1415 678 origine

45 694 48 698 ’
106 681 250 720 Italica.
302 681 387 733 Qa
405 681 449 719 de
471 694 508 719 re
524 681 595 731 seq.
614 679 765 717 Excurs.
783 679 878 716 VIII
894 691 1032 731 agetur.

158 742 221 780 Est
237 740 376 779 scilicet
400 741 474 791 ejus
491 740 649 784 artificii,
676 738 775 790 quod
805 740 915 778 modo
942 740 1186 792 exposuimus,
1217 754 1413 794 argumen-

105 809 185 838 tum
203 800 264 838 vix
282 799 380 837 aliud
395 799 563 837 illustrius
574 812 680 850 quam
699 798 744 835 de
757 796 870 836 Turno
883 801 1054 845 narratio,
1069 802 1213 851 quando
1226 802 1372 852 quidem
1382 803 1416 842 is

105 859 200 898 inter
216 858 407 911 primarios
431 858 595 897 AEneidis
621 859 748 897 heroes
775 859 837 903 est,
874 860 1034 909 adeoque
1053 874 1220 912 magnam
1238 863 1413 903 carminis

101 930 237 971 partem
256 919 301 957 ad
319 919 395 969 ejus
426 931 557 957 nornen
582 928 619 956 et
644 919 831 970 personam
863 920 1132 958 accommodari
1164 922 1294 958 necesse
1324 922 1412 962 fuit.

104 978 220 1017 Fuiffe
251 979 297 1016 de
339 991 383 1015 eo
418 978 554 1015 fabulas
587 978 800 1016 domesticas
835 977 1015 1028 conjicere
1053 979 1140 1017 licet
1173 993 1219 1018 ex
1263 990 1408 1031 paterae,

101 1039 214 1090 vulgo
247 1050 314 1090 pro
342 1037 490 1075 Etrusca
523 1037 668 1081 habitae,
695 1047 932 1087 argumento:
972 1037 1148 1077 Hercules
1178 1040 1276 1077 enim
1306 1042 1410 1080 clava

99 1097 218 1136 'virum
237 1095 439 1148 prosternit,
463 1095 655 1147 adscriptis
685 1095 864 1133 vocibu's:
896 1108 1082 1135 HERCLE.
1107 1110 1279 1136 THURN.
1334 1100 1410 1140 Ve-

102 1166 182 1198 rum
215 1159 270 1196 his
304 1156 436 1195 relictis
463 1170 570 1195 omne
598 1157 719 1193 Turni
752 1169 884 1194 nornen
914 1158 959 1208 ad
992 1158 1154 1204 Graecas,
1182 1173 1260 1209 quae
1287 1161 1333 1198 de
1361 1176 1407 1201 eo

99 1220 315 1264 ferebantur,
354 1214 492 1256 fabulas
526 1217 709 1255 revocavit
743 1216 867 1255 Maro.
929 1217 1102 1270 Dumque
1137 1220 1227 1257 adeo
1266 1220 1409 1261 Graecae

98 1279 229 1318 fabulae
259 1277 365 1316 semel
394 1276 433 1314 in
465 1277 633 1314 Turnum
653 1277 758 1314 essent
775 1276 964 1322 transsatae,
982 1278 1028 1315 ad
1047 1280 1175 1317 multas
1201 1280 1289 1318 alias
1306 1293 1407 1333 pate-

97 1337 190 1376 facta
204 1339 251 1376 est
265 1338 333 1375 hoc
352 1336 430 1387 ipso
448 1336 505 1374 via
521 1347 556 1374 et
574 1336 706 1373 aditus.

151 1397 263 1436 Turni
290 1396 412 1445 itaque
435 1395 618 1446 originem
648 1399 757 1445 poeta
784 1407 805 1432 a
824 1396 969 1441 Danai&
998 1395 1134 1434 Acrifii
1164 1398 1260 1449 regis
1288 1401 1407 1453 Argi-

96 1470 224 1496 vorum
242 1456 332 1501 filia,
355 1454 472 1492 Persei
490 1464 618 1500 matre,
643 1454 810 1505 repetiit:
840 1455 999 1493 fabulam
1019 1457 1204 1507 vulgarem
1222 1459 1404 1509 sequutus,

95 1529 167 1566 qua
186 1518 301 1554 Ardea
317 1531 341 1552 a
369 1515 511 1559 Danab',
533 1515 646 1563 Persei
660 1524 783 1558 matre,
812 1517 942 1552 condita
965 1515 1200 1555 credebatur:
1230 1517 1322 1558 Prin.
1343 1521 1403 1559 ΙΙΙ

94 1574 123 1613 s.
143 1589 180 1627 9.
237 1576 365 1613 Danae·
392 1574 489 1611 enim
519 1573 612 1611 vitio
639 1587 660 1611 a
688 1574 782 1622 Jove
799 1584 947 1625 accepto
981 1575 1075 1612 intra
1099 1590 1220 1616 arcam
1251 1592 1272 1616 a
1301 1590 1402 1631 patre

94 1633 231 1674 inclusa
263 1636 373 1685 inque
407 1646 502 1671 mare
528 1634 765 1685 praecipitata,
802 1633 888 1672 inde
905 1635 951 1672 ad
973 1635 1179 1686 Seriphum,
1215 1653 1322 1678 unam
1353 1654 1400 1681 ex

95 1695 335 1747 Cycladibus,
364 1693 495 1738 delata,
526 1706 545 1729 a
573 1693 750 1743 piscatore
779 1693 848 1730 reti
875 1694 1092 1733 extrahitur.
1146 1695 1245 1735 Vide
1264 1701 1399 1740 Phere-

91 1757 196 1807 cydis
223 1754 463 1794 narrationem
493 1754 590 1804 apud
621 1753 743 1791 Schol.
764 1754 956 1805 Apollonii
989 1755 1062 1799 IV,
1103 1770 1212 1808 1091.
1267 1762 1349 1799 Alii
1376 1771 1399 1802 a

90 1814 318 1867 praedonibus
336 1821 512 1863 repertam
534 1812 684 1849 narraffe
694 1812 878 1851 videntur.
927 1812 1019 1851 Inde
1037 1814 1196 1853 Plinium
1215 1817 1397 1868 XXXV,

89 1890 142 1927 40
167 1876 195 1914 s.
216 1889 262 1925 32
281 1873 529 1911 illustrandum
549 1871 727 1910 arbitror:
757 1874 915 1911 Artemon
933 1869 1052 1923 pinxit
1081 1876 1247 1921 Danab'n,
1268 1886 1398 1919 miran-

88 1936 175 1974 tibus
192 1950 265 1972 eam
285 1930 510 1984 praedonibus.
563 1931 717 1969 Acceffit
734 1932 820 1970 hinc
839 1933 910 1970 alia
935 1933 1080 1971 fabula:
1114 1935 1267 1974 Dana'c'n
1294 1939 1398 1979 fuiffe

88 1995 135 2041 ad
169 1994 310 2032 Italiam
340 1991 510 2035 delatam,
550 1988 677 2041 ibique
706 2005 787 2030 eam
821 1993 981 2030 Ardeam
1016 1994 1228 2035 condidisse.
1294 1999 1396 2038 Navi

86 2054 233 2103 quidem
251 2064 333 2090 cum
353 2048 459 2088 sociis
485 2049 669 2088 advectam
697 2055 806 2102 poeta
824 2053 939 2090 noster
960 2053 1100 2091 tradere
1126 2056 1281 2094 maluit:
1309 2072 1395 2097 nam

86 2111 155 2153 lib.
185 2112 276 2155 VII,
305 2122 379 2161 409
411 2111 572 2154 Audacis,
606 2108 742 2161 inquit,
770 2111 894 2150 Rutuli
922 2113 972 2148 ad
991 2127 1110 2156 muros,
1142 2129 1243 2164 quam
1273 2119 1398 2157 dz'cilur

86 2173 200 2210 urbem
234 2171 426 2220 Acrfioneis
460 2168 596 2215 Danai?
607 2173 773 2220 fimdqffi
805 2170 918 2208 colonis
955 2172 1132 2222 Proecspiti
1160 2174 1278 2213 delata
1309 2189 1395 2218 noto.

86 2232 200 2283 Inque
217 2244 261 2269 eo
288 2230 378 2266 adeo
396 2241 417 2266 a
434 2228 574 2279 vulgari
593 2230 795 2268 narrati0ne
813 2231 949 2268 recedit
968 2230 1094 2275 Maro,
1121 2245 1228 2283 quam
1249 2235 1393 2276 Servius

85 2293 178 2331 male
194 2292 240 2329 ad
265 2289 338 2328 loci
355 2288 459 2338 hujus
485 2288 815 2338 interpretationem
834 2290 1016 2332 admovet,
1047 2291 1094 2327 ad
1113 2304 1148 2329 v.
1171 2305 1260 2343 372,
1289 2296 1392 2346 cujus

84 2362 171 2389 nota
189 2349 282 2402 apud
303 2349 478 2399 Pompon.
499 2347 584 2386 Sab.
603 2347 743 2399 plenior
759 2358 869 2387 extat.
909 2350 994 2401 Qia
1007 2350 1122 2387 Italiae
1136 2362 1235 2402 parte
1248 2354 1395 2396 Danaes

81 2410 247 2462 appulsus
275 2409 388 2446 faesus
418 2408 513 2451 esset,
539 2420 612 2445 non
644 2409 826 2446 constante
844 2408 927 2445 satis
944 2409 1015 2446 fide
1032 2410 1205 2449 traditum
1224 2413 1390 2455 videtur:

81 2470 162 2509 aliis
195 2470 242 2508 ad
273 2467 417 2519 Apuliae
458 2465 576 2511 littus,
612 2467 692 2505 aliis
719 2467 763 2504 ad
801 2467 998 2505 Ardeatem
1027 2481 1168 2519 agrum,
1205 2471 1389 2513 escensum

80 2529 216 2569 faetum
240 2526 491 2580 prodentibUS‚
519 2525 599 2563 aliis
624 2527 671 2563 ad
687 2525 763 2577 ipsa
783 2525 910 2564 Romae
930 2528 1011 2564 loca
1029 2541 1111 2565 cum
1129 2529 1213 2567 filiis
1233 2532 1337 2583 Argo
1354 2544 1392 2573 et

81 2592 207 2641 Argeo
226 2603 261 2628 v.
282 2589 382 2626 Serv.
402 2587 447 2624 ad
473 2587 581 2632 VIII,
609 2601 696 2639 345.
751 2588 849 2625 Tota
878 2598 996 2626 tamen
1027 2590 1147 2628 fabula
1178 2596 1389 2644 nugatorio,

79 2661 254 2700 quantum
282 2649 427 2701 quidem
456 2648 579 2693 video,
608 2648 796 2686 verborum
819 2649 913 2687 lusui
942 2650 1122 2702 originem
1150 2653 1273 2699 debet,
1300 2669 1341 2695 ac
1360 2655 1388 2695 fi

79 2707 240 2753 Daunia,
268 2723 348 2760 quae
366 2707 512 2758 Apuliae
534 2721 615 2757 pars
635 2709 696 2752 est,
726 2719 748 2743 a
765 2706 912 2753 Danae',
932 2709 1066 2747 Acrisii
1093 2711 1167 2749 filia
1195 2725 1325 2752 nornen
1352 2727 1390 2755 et

78 2770 225 2811 colonos
250 2767 443 2821 acceperit.
495 2768 531 2806 A
553 2767 692 2811 Daunis
709 2776 827 2826 autem
845 2780 928 2807 cum
958 2769 1112 2809 Rutulos
1140 2781 1259 2812 ortum
1287 2784 1388 2814 trax-

1328 2833 1390 2875 iffe
