1847 3313
429 257 834 315 AENEIDOS,
891 256 1042 303 LlB.
1088 256 1154 303 X.
1348 269 1438 314 401

142 385 354 443 Edocet;
390 387 605 435 humanis
627 403 734 449 quae
757 387 811 432 fit
835 385 1007 432 fiducia
1031 385 1166 430 rebus

141 478 398 534 Admonet,
433 477 740 538 inmiscetque
772 491 950 537 preces,
1019 473 1167 520 Haud
1202 473 1254 519 fit
1279 488 1441 525 mor-213

337 566 525 612 Tarcho

138 655 307 718 Jungit
330 672 456 717 opes,
481 653 725 715 foedusque
750 653 855 700 ferit
883 673 892 700 ε
929 666 1030 700 tum
1056 653 1202 698 libera
1227 652 1309 697 fati

141 746 341 792 Claffem
367 744 637 790 conscendit
662 742 796 806 juffis⁴
815 759 928 805 gens
958 743 1105 803 Lydia
1128 743 1309 797 divom,
1348 755 1433 803 155

136 835 346 882 Externo
367 833 590 880 conmiffa
613 832 738 879 duci.
813 831 979 878 AEne'ia
999 832 1174 893 puppis

136 924 294 971 Prima
317 936 458 980 tenet,
482 922 628 970 rostro
655 921 879 984 Phrygios
907 919 1147 983 subjunc'h
1170 922 1324 969 leones
1351 942 1363 969 ε

181 1061 253 1091 152.
278 1063 344 1095 quae
356 1053 388 1093 st
408 1048 545 1081 Dor-vill.
588 1049 709 1089 quidfit
740 1046 984 1089 Menag.a1ter.
1077 1057 1147 1087 153.
1170 1049 1352 1092 admfiscetque
1373 1049 1434 1078 Ca-

133 1102 233 1134 rifius.
272 1104 384 1134 ‘Tarcho
398 1115 408 1132 .·
432 1113 460 1132 V.
479 1101 546 1141 sup.
564 1100 604 1130 ad
621 1101 706 1134 vlu,
721 1099 795 1137 506.
888 1106 959 1137 154.
983 1099 1143 1137 libe-rasati
1159 1111 1174 1130 e
1189 1102 1273 1130 Rom
1302 1101 1436 1140 Medic.,

132 1143 261 1196 aiiisque
277 1154 426 1195 praeclare
452 1152 571 1193 recepit
597 1159 627 1182 et
654 1150 822 1182 illustravit
851 1150 1005 1180 Heinsius⁴
1052 1152 1187 1192 Vulgg„
1210 1152 1307 1182 etiam
1334 1154 1434 1189 Serv„

121 1206 212 1246 fatis.
256 1206 324 1236 Nec
340 1216 415 1235 vero
429 1215 465 1235 ex
479 1204 587 1244 Eurip.
613 1201 759 1232 Phoeniff.
785 1200 867 1232 1006
890 1202 1023 1244 ἐλέύθεξοι
1038 1203 1187 1242 θεσφάτων
1210 1203 1270 1234 huc
1287 1203 1434 1235 advocari

134 1254 259 1297 possunt
281 1267 288 1286 :
316 1255 358 1286 ibi
375 1255 461 1285 enim
481 1254 564 1290 sunt,
585 1253 624 1283 ad
641 1264 719 1293 quos
733 1251 852 1282 oraculi
879 1252 1033 1283 sententia
1049 1263 1112 1282 non
1137 1253 1430 1294 sped'tat.—-—-155.

131 1307 201 1337 divo
223 1307 318 1336 Rom.
339 1318 375 1337 ex
392 1307 488 1336 divom
589 1313 659 1343 157.
676 1304 816 1346 JiaebveHa
840 1302 946 1343 passim
964 1304 995 1333 in
1012 1304 1133 1344 scriptis
1146 1312 1177 1335 et
1198 1304 1323 1336 excufis.
1370 1306 1432 1337 Sed

130 1357 199 1400 post
225 1358 366 1388 Pierium
397 1357 546 1386 Heinsius
572 1363 678 1385 tuetur
691 1355 845 1397 subjunHa
868 1353 1039 1384 secundum
1055 1353 1211 1385 meliores.
1256 1355 1307 1386 Est
1323 1363 1431 1386 autem

131 1408 258 1450 poetica
271 1407 352 1438 ratio
369 1417 439 1448 pr0,
462 1406 566 1436 habens
581 1405 664 1435 leones
680 1404 940 1447 nstrostaebjunms.
988 1406 1089 1435 Porro
1112 1405 1166 1436 alii
1181 1416 1231 1449 ap.
1252 1407 1336 1438 Pier.
1356 1418 1430 1438 cum

132 1459 232 1490 Goth.
247 1465 322 1489 tert.
337 1457 479 1501 subjstu,
501 1467 548 1498 pr.
566 1457 687 1486 Moret.
701 1456 851 1499 subvifla,
876 1455 1087 1500 sec.submffz.

130 1570 256 1602 zemius
274 1578 370 1599 arma
391 1562 481 1611 Qae
502 1560 578 1610 sthi
593 1560 747 1603 conciliet,
814 1567 939 1609 pretes.
995 1560 1063 1597 Sed
1078 1561 1177 1597 navis
1190 1561 1326 1605 AEneae,
1350 1576 1429 1612 quae

129 1615 249 1653 Turni
266 1613 434 1650 societate
452 1613 526 1662 sup.
563 1611 675 1655 VIII,
708 1626 743 1661 7.

130 1670 165 1705 8.
203 1679 290 1716 492.
310 1677 398 1715 493.
434 1663 526 1707 Vll,
563 1664 634 1714 647
663 1663 740 1713 sqq.

130 1731 210 1769 132.
237 1734 312 1768 quae
329 1717 380 1765 fit
399 1717 529 1763 fiducia
549 1715 584 1750 h.
606 1714 739 1751 nullam

122 1772 217 1807 effe?
261 1769 326 1805 effe
359 1779 473 1802 rerum
505 1767 738 1802 humanarum

123 1821 328 1857 varietatem
378 1828 413 1853 et
462 1817 737 1854 viciffitudinem

122 1872 317 1909 summam:
347 1869 439 1920 poffe
457 1869 545 1905 adeo
574 1868 663 1912 fieri,
698 1879 738 1905 ut

122 1922 328 1961 Mezentius
356 1920 519 1970 expulsus
539 1919 668 1956 iterum
698 1919 734 1956 in

122 1988 273 2026 regnum
303 1981 445 2009 remeet.
517 1985 600 2021 154·
629 1971 737 2007 libera

109 2030 192 2077 sati
207 2040 225 2063 a
239 2022 401 2062 vaticinii
416 2022 610 2059 necestitate
629 2022 734 2059 soluti

123 2077 281 2120 Etrusci,
298 2087 371 2125 quo
389 2075 433 2109 ad
453 2072 733 2124 persequendum

118 2129 215 2166 bello
267 2124 491 2164 Mezentium
546 2134 733 2162 externum

119 2181 265 2218 ὀυὲὶυῐῃ
282 2177 450 2214 asciscere
476 2175 670 2212 debuerant
681 2175 734 2212 su-

119 2245 179 2283 pra
196 2230 304 2274 Vm,
323 2240 408 2278 495.
432 2240 516 2277 503.
533 2232 653 2278 fatum
667 2240 732 2276 pro

120 2282 296 2319 vaticinio
311 2277 503 2328 aruspicis:
549 2277 733 2315 vaticiniis

119 2345 155 2373 et
195 2331 363 2384 responsis
396 2330 545 2366 deorum
577 2328 733 2379 illigatur

118 2387 175 2423 vel
203 2386 370 2435 obligatur
384 2381 428 2423 is,
454 2381 515 2430 qui
532 2380 670 2430 aliquid
686 2392 729 2416 ex

116 2438 267 2474 deorum
281 2434 371 2485 juffu
389 2432 504 2469 facere
516 2431 635 2470 debet.
688 2432 730 2468 li-

118 2488 268 2529 beratur,
302 2498 384 2522 curn
417 2496 468 2520 res
486 2484 540 2519 vel
562 2482 729 2519 conditio

115 2548 277 2577 eventum
297 2535 417 2572 habet.
475 2548 558 2585 155·
573 2550 653 2586 gens
663 2534 728 2584 Ly-

115 2593 172 2628 dia
195 2587 334 2625 Etrusci
351 2599 395 2622 ex
410 2595 525 2622 vetere
542 2585 728 2635 opinione,

115 2642 160 2678 de
173 2653 241 2689 qua
259 2639 332 2676 vid.
352 2636 502 2675 Excurs.
525 2637 583 2674 III
600 2636 643 2673 ad
659 2636 725 2674 lib.

169 2741 379 2794 156—158.
415 2739 453 2776 T
457 2738 585 2777 urbant
612 2739 726 2778 Inter·

215 2793 332 2832 Tem.
359 2791 435 2829 111.

814 1610 972 1661 primum
999 1612 1117 1649 locum
1137 1622 1231 1649 tenet
1270 1617 1326 1662 (ut
1351 1614 1427 1665 sup.

815 1663 879 1700 lib.
902 1661 951 1706 V,
974 1666 1045 1712 338
1074 1665 1203 1700 Emicat
1216 1665 1380 1712 Emyalus
1396 1677 1429 1703 et

814 1728 944 1751 munere
953 1721 1169 1752 vialoramici
1178 1717 1294 1753 Prima
1303 1720 1427 1763 tenet),

813 1765 920 1802 habet
937 1765 1074 1816 infigne
1091 1766 1146 1802 seu
1163 1767 1368 1816 parasemon
1387 1768 1426 1805 in

812 1827 968 1852 extrema
1004 1830 1107 1868 prora
1145 1818 1263 1854 leones
1306 1817 1426 1863 binos,

812 1868 917 1905 matri
933 1868 1037 1905 Idaeae
1059 1869 1186 1912 saeros,
1220 1869 1285 1905 sub
1301 1880 1425 1906 monte

811 1917 877 1955 Ida
915 1920 981 1969 (cf.
1012 1918 1080 1956 inf.
1115 1933 1184 1969 253
1219 1916 1348 1971 binique
1378 1923 1431 1958 ad

796 1975 911 2021 frena
939 1971 1092 2018 leones):
1122 1970 1170 2006 cf.
1199 1970 1345 2009 Salmas.
1377 1973 1424 2009 ad

810 2021 924 2060 Solin.
951 2036 986 2072 p.
1007 2035 1095 2071 403.
1124 2022 1250 2060 AEneia
1271 2027 1389 2073 puppis
1406 2038 1422 2060 .-

808 2072 915 2118 hanc,
950 2084 987 2110 ut
1016 2078 1140 2123 poeta,
1166 2073 1290 2110 dixit:
1335 2075 1425 2112 alias

808 2125 937 2175 puppis
975 2126 1138 2167 tutelam,
1174 2138 1246 2161 non
1283 2126 1421 2175 parase-

808 2189 910 2220 mon,
929 2176 1085 2213 haberet.
1141 2176 1192 2212 Ea
1209 2177 1309 2213 navis
1331 2177 1421 2227 sub-

793 2229 927 2276 junHos
946 2227 1051 2264 habet
1071 2228 1188 2264 leones
1206 2230 1314 2278 restro,
1333 2230 1420 2266 ade-

805 2290 898 2326 oque
929 2278 1021 2316 infra
1041 2291 1184 2328 proram
1208 2290 1419 2319 extremam.

808 2327 956 2379 Proprie
991 2340 1106 2366 tamen
1138 2329 1343 2380 parasemon
1370 2333 1419 2370 est

803 2379 904 2429 supra
920 2382 1065 2418 rostrum
1079 2396 1089 2425 3
1116 2381 1230 2431 igitur
1233 2383 1420 2431 subjunc‘m

803 2444 875 2468 non
893 2433 1090 2483 urgendum
1110 2434 1171 2475 est,
1183 2433 1240 2468 sed
1254 2428 1300 2470 est
1315 2447 1324 2471 :
1354 2435 1416 2470 ha-

802 2481 864 2519 bet
892 2484 1081 2534 appofitOS,
1102 2484 1255 2520 additos.
1309 2485 1416 2522 Sedet

801 2532 867 2577 hic,
884 2533 921 2572 h,
937 2536 974 2572 in
991 2535 1088 2578 navi,
1101 2535 1229 2572 AEneas
1242 2548 1323 2571 cum
1338 2535 1416 2572 Pal-

801 2584 909 2622 lante.
966 2586 1076 2623 Poffes
1105 2586 1158 2624 hic
1173 2587 1217 2622 de
1230 2599 1336 2636 prora
1354 2600 1413 2624 ac-

800 2636 932 2686 cipere,
984 2637 1079 2674 unde
1105 2637 1197 2674 liber
1227 2637 1302 2673 caeli
1330 2652 1413 2688 pro..

800 2686 964 2736 speftus3
992 2689 1050 2726 sed
1069 2689 1167 2724 locus
1198 2687 1340 2724 sedendi
1376 2699 1413 2726 et

799 2738 887 2790 alibi
901 2739 938 2776 in
949 2739 1062 2792 puppi
1079 2739 1279 2790 affignatur,
1293 2750 1328 2776 et
1342 2739 1410 2780 inf.

847 2790 879 2828 C
907 2803 927 2828 c
1272 2804 1308 2830 v.
1338 2795 1411 2833 218
