1847 3313
330 271 746 335 AENEIDOS‚
795 273 950 323 LIB.
1007 272 1075 323 X.

1272 291 1369 341 429

56 411 379 458 Concurrunt:
421 410 570 457 haeret
589 409 712 474 pede
732 425 833 473 pes,
869 406 1128 470 densusque
1150 407 1255 454 viro
1278 403 1367 451 vir.

122 503 191 548 At
210 512 342 564 parte
369 517 427 546 ex
449 501 555 557 alia,
589 516 682 562 qua
703 498 810 546 saxa
830 497 1033 550 rotantia
1054 496 1147 542 late

58 592 301 655 Inpulerat
318 602 499 636 torrens
524 589 801 650 arbustaque
823 586 979 633 diruta
1003 586 1138 649 ripis,

10 705 14 710 >
59 681 284 738 Arcadas,
318 678 518 726 insuetos
535 677 655 724 acies
677 674 850 721 inferre
866 672 1107 736 pedestris,

62 771 134 817 Ut
151 769 274 816 vidit
298 768 446 816 Pallas
472 767 612 813 Latio
635 765 744 812 dare
767 775 900 827 terga
921 761 1105 825 sequaci
1124 785 1138 816 ς

1277 761 1371 825 365

63 859 242 923 Aspera
255 859 359 922 quis
378 869 546 904 natura
569 855 663 902 loci
686 853 928 901 dimittere
951 851 1143 915 quando

64 948 214 994 Suafit
235 963 406 1009 equos-5
441 960 591 992 unum
607 941 736 1006 quod
760 941 899 988 rebus
923 939 1060 986 restat
1081 938 1254 1002 egenis,

68 1040 208 1085 Nunc
229 1053 385 1100 prece,
400 1051 524 1082 nunc
549 1033 686 1080 dietis
703 1031 929 1077 virtutem
944 1027 1165 1074 adcendit
1178 1025 1348 1072 amaris
1367 1042 1379 1071 z

66 1129 178 1192 Qo
201 1123 381 1187 fugitiS‚
414 1121 560 1168 socii?
593 1136 680 1184 per
702 1136 784 1166 vos
807 1132 853 1166 et
877 1119 1017 1166 fortia
1040 1119 1175 1177 faeta,

111 1254 184 1294 361.
208 1254 314 1284 haerent
329 1250 467 1284 Dorvill.
480 1261 497 1282 a
513 1261 555 1282 m.
572 1261 619 1293 pr.

710 1249 785 1290 363.
806 1249 962 1291 Impulerat
974 1260 991 1280 e
1003 1248 1129 1280 Medic.
1144 1246 1252 1279 Colot.
1273 1243 1382 1277 Schef-

64 1305 123 1337 fer.
141 1313 172 1336 et
191 1308 307 1336 Moret.
325 1315 376 1345 qu.
395 1302 544 1333 Heinsius
558 1301 710 1344 reposuit.
757 1300 859 1331 Addit
886 1301 997 1332 Burm.
1024 1299 1191 1336 Aldinam‚
1212 1307 1382 1340 perperam

65 1367 162 1398 puto;
200 1367 274 1387 nam
301 1365 412 1386 omnes
442 1354 541 1384 Aldd.
571 1361 703 1384 tuentur
720 1353 807 1395 quod
828 1352 927 1393 vulgo
942 1351 1061 1382 habent
1078 1351 1168 1382 codd.
1183 1361 1258 1381 cum
1279 1351 1379 1380 Rom.

66 1409 196 1438 intulerat
209 1418 216 1444 ς
241 1414 311 1436 tum
326 1408 419 1435 <lerum
437 1406 541 1446 Sprot.

630 1403 705 1443 364.
730 1404 854 1434 Arcades
870 1403 919 1434 ed.
938 1413 987 1445 pr.
999 1410 1030 1433 et
1049 1404 1091 1433 N.
1109 1400 1243 1438 Heinfii,
1263 1410 1378 1442 opera-

67 1468 141 1489 rum
169 1457 254 1487 haud
279 1455 373 1486 dubie
390 1453 787 1495 vitio.-—-365.fi›quenti
809 1453 937 1485 Vratiss.

1029 1451 1104 1492 366.
1128 1464 1190 1492 quos
1208 1452 1295 1484 Gud.
1338 1452 1384 1481 de-

67 1512 174 1538 mittere
185 1508 307 1548 aliquot
324 1506 411 1536 Pier.
423 1512 455 1536 et
465 1506 590 1540 Burm.,
611 1514 798 1546 perperam3
822 1503 865 1534 est
878 1502 965 1542 enirn
973 1504 1106 1534 dimittere
1114 1512 1184 1532 voc.
1201 1501 1382 1543 proprium.

70 1564 271 1592 Burmannus
285 1557 394 1588 laudat
410 1558 496 1587 Suet.
517 1554 596 1586 Caes.
620 1555 672 1585 60.
716 1556 846 1596 quondam
872 1553 1016 1586 Parrhas.

69 1613 149 1643 rebus
167 1624 188 1643 e.
207 1610 270 1641 duo
287 1607 404 1639 Hamb.

71 1675 116 1694 m.
131 1672 179 1706 pr.

71 1757 202 1795 Antias
220 1756 353 1793 Annal.
372 1754 430 1791 IV
446 1756 620 1806 Prcffztur
629 1763 690 1804 pe-

72 1813 190 1859 depes,
217 1823 323 1845 mucro
341 1822 502 1850 mucrone,
528 1812 606 1842 viro
631 1810 696 1841 vir

75 1875 132 1912 ap.
149 1858 318 1897 Maeror).
341 1858 410 1900 VI,
424 1871 459 1905 3.
514 1857 601 1894 Alia
618 1857 693 1893 lau-

73 1914 162 1950 dant
179 1910 303 1946 Guell.
331 1910 465 1953 Cerda,
493 1910 559 1952 al„
589 1907 627 1944 in
639 1919 695 1958 pr.

77 1965 167 2001 Stat.
187 1962 308 1999 Theb.
328 1960 442 2005 VIII,
463 1964 551 2010 398.
570 1972 657 2011 399.

130 2016 215 2064 362.
260 2011 436 2056 Arcades,
479 2012 616 2061 equites
650 2022 696 2047 ex

75 2066 260 2103 Pallanteo
288 2065 388 2100 dueti
415 2074 450 2100 et
485 2077 505 2099 a
538 2062 698 2099 Pallante

76 2117 239 2169 praemissi
270 2118 325 2164 (v.
358 2115 434 2165 sup.
467 2119 554 2162 238.
583 2114 697 2163 239),

78 2170 150 2207 alia
183 2182 227 2205 ex
256 2178 357 2218 parte
390 2167 546 2202 Rutulos
580 2165 699 2201 adorti

77 2229 177 2259 erant
198 2223 278 2267 (nec
295 2231 383 2268 opus
405 2227 495 2261 erat,
523 2227 561 2253 ut
589 2220 698 2266 poe'ta

78 2278 391 2312 commemoraret,
419 2268 606 2318 quomodo
630 2267 700 2305 Ti-

78 2323 195 2361 berim
214 2320 438 2372 trajeciffent)
458 2328 494 2357 et
512 2319 604 2356 duce
623 2318 701 2356 Pal-

79 2376 174 2413 lante
188 2372 368 2424 pugnabat
383 2384 425 2408 ea
439 2381 538 2422 parte
553 2370 700 2412 littoris,

81 2440 152 2475 qua
185 2437 321 2462 torrens
348 2437 384 2459 m
416 2435 512 2459 mare
540 2432 699 2466 exierat3

82 2477 205 2527 itaque
233 2475 317 2525 equi
336 2474 372 2510 in
390 2473 533 2511 lubrico
551 2484 586 2510 et
604 2473 702 2523 aspe-

82 2542 124 2566 ro
143 2528 216 2564 solo
228 2525 408 2564 confistere
426 2538 497 2562 non
513 2535 700 2576 poterant:

82 2591 193 2631 quare
224 2578 267 2614 iis
297 2575 428 2614 reliffls
459 2576 594 2626 pedites
612 2589 703 2625 pug-

84 2632 241 2675 nabant;
277 2641 413 2671 verum,
441 2640 525 2664 cum
552 2626 703 2677 pedestri

84 2695 213 2732 pugnae
231 2693 354 2731 parum
370 2679 492 2716 assueti
511 2679 631 2721 essent,
648 2678 703 2715 lo-

87 2746 132 2770 co
150 2732 345 2776 cedebant;
375 2743 457 2767 cum
477 2743 559 2767 ecce
591 2729 704 2766 Pallas

86 2797 145 2821 eos
180 2783 352 2833 increpat.
423 2781 502 2818 Cur
544 2781 705 2817 Arcades

87 2834 222 2886 equites
240 2843 378 2872 tantum
397 2833 542 2870 adduffi
560 2832 704 2878 fuerint,

495 1606 571 1647 368.
595 1619 628 1638 v.
644 1608 763 1637 extendit
779 1604 923 1636 Parrhaf.

1110 1552 1182 1592 367.
1205 1554 1275 1593 quod
1302 1553 1384 1597 restat

1013 1603 1090 1646 369.
1116 1605 1195 1647 Qos
1213 1606 1247 1645 f.
1267 1605 1353 1635 Gud.
1369 1614 1387 1635 a

755 1751 861 1802 supra
896 1751 1120 1802 disputatum
1153 1752 1201 1789 est
1234 1753 1279 1790 ad
1314 1753 1385 1792 lib.

757 1803 871 1847 VIII,
900 1806 987 1854 518.
1010 1816 1098 1854 519.
1153 1811 1299 1842 rotantia
1333 1805 1385 1848 se,

757 1864 798 1892 ut
817 1855 891 1892 Ge.
908 1854 944 1899 I,
968 1856 1038 1905 163
1067 1854 1248 1894 volventia
1276 1866 1311 1893 et
1330 1866 1385 1893 tot

759 1906 829 1943 alia
855 1906 894 1943 in
923 1905 1094 1944 Marone.
1151 1910 1238 1958 365.
1265 1909 1384 1950 Latio,

759 1958 900 1995 Latinis
916 1967 953 1995 et
983 1957 1143 1995 Rutulis.
1200 1961 1288 2009 366.
1315 1965 1388 2010 quis

759 2010 879 2059 paullo
896 2008 1023 2047 durius
1040 2023 1105 2060 pro
1120 2009 1164 2046 iis
1177 2025 1188 2055 3
1216 2011 1384 2060 quando-

760 2060 907 2110 quidem
941 2071 1066 2099 natura
1092 2061 1166 2098 loci
1195 2062 1319 2112 aspera
1349 2074 1387 2100 et

761 2112 936 2162 impedita
982 2112 1182 2150 adduxerat
1225 2127 1299 2158 eos,
1347 2124 1387 2151 ut

761 2163 864 2213 equis
876 2163 1144 2202 descenderent.
1184 2165 1271 2215 367.
1292 2166 1388 2203 rebus

762 2221 885 2265 egenis,
912 2215 1050 2261 dubiis,
1066 2215 1256 2265 egentibus
1274 2217 1390 2254 confi-

763 2265 823 2310 lii,
852 2277 890 2302 ut
908 2266 1033 2317 inopia
1049 2267 1208 2304 absolute
1226 2281 1292 2318 pro
1308 2268 1389 2305 ino-

764 2316 826 2367 pia
842 2318 993 2356 confilii.
1047 2319 1108 2356 Sic
1137 2331 1280 2368 quoque
1312 2320 1390 2369 sup.

767 2368 839 2412 VI,
864 2382 929 2415 (η,
956 2378 992 2405 et
1011 2368 1168 2407 Homeri
1196 2375 1389 2420 ἀμηχανίη,

766 2419 919 2458 aliorum
953 2431 1070 2458 actem
1107 2425 1243 2472 ἀποξῖκ.
1301 2426 1391 2471 368.

766 2471 989 2523 Comparasi‘.
1008 2472 1118 2512 Iliad.
1135 2493 1178 2520 μ,
1198 2476 1284 2526 267.
1302 2478 1389 2514 268.

765 2524 799 2568 δ,
817 2536 836 2559 2
844 2536 905 2571 32.
928 2536 1014 2572 240.

821 2577 906 2632 369.
935 2574 1067 2612 Oratio
1086 2574 1257 2614 Pallantis
1289 2577 1392 2627 plena

767 2625 911 2663 fidue1ae
939 2635 975 2662 et
1008 2627 1289 2678 indignationi3‚
1330 2627 1390 2664 sed

766 2676 881 2728 qualis
911 2678 1094 2726 juvenem,
1131 2677 1192 2728 qui
1230 2678 1393 2716 nondum

767 2729 947 2778 propriam
972 2728 1112 2766 laudem
1134 2729 1304 2774 habebat,
1330 2730 1393 2767 dc-

769 2792 848 2816 cere
864 2789 1014 2830 poterat.
1068 2782 1204 2819 dez-iera
1225 2781 1314 2819 bella
1328 2794 1394 2818 no-

770 2842 813 2868 ve
827 2830 921 2868 dixit
937 2843 944 2867 :
975 2843 1014 2869 ut
1027 2841 1185 2884 pugnata
1197 2832 1311 2877 bella,-
1333 2833 1396 2869 de-

1225 2894 1396 2936 pugnata„
