1847 3313
383 315 476 363 534
585 297 637 344 Ρ.
682 293 1057 342 VIRGlLII
1105 291 1493 340 MARONIS

381 427 629 485 Praeterea,
654 427 735 490 qui
760 427 885 474 dicia
910 426 1074 480 ferant,
1098 436 1142 471 et
1167 423 1346 471 foedera
1368 425 1573 481 firment,
1598 437 1622 484 3
1629 432 1695 484 30

383 516 590 563 Centum
612 530 812 563 oratores
836 516 992 578 prima
1014 514 1072 560 de
1094 527 1235 578 gente
1261 514 1455 561 Latinos

381 603 457 649 Ire
480 605 647 666 placet,
670 603 890 667 pacisque
915 619 1056 655 manu
1080 601 1372 666 praetendere
1394 617 1575 657 ramos;

381 696 589 742 Munera
609 695 838 756 portantis
861 694 1056 757 aurique
1079 690 1323 754 eborisque
1345 691 1519 738 talenta
1611 687 1622 714 s

381 784 447 841 Et
469 781 629 829 sellam
646 783 778 845 regni
804 783 1107 844 trabeamque
1128 780 1326 843 insignia
1352 780 1513 827 nostri.

385 873 628 921 Consulite
642 872 691 918 in
705 871 934 927 medium,
949 883 993 917 et
1010 871 1144 917 rebus
1163 869 1420 916 succurrite
1441 869 1572 917 fessis.
1597 883 1685 932 335

450 964 581 1020 Turn
597 963 803 1014 Drances
823 962 950 1008 idem
968 960 1186 1018 insensuS‚
1207 977 1349 1023 quem
1367 961 1518 1024 gloria
1538 961 1689 1010 Turni

429 1106 504 1138 330.
520 1099 650 1139 seranta
667 1107 709 1127 m.
728 1106 776 1137 pr.
796 1095 880 1125 Gud.
913 1095 1037 1137 firmant
1060 1104 1109 1135 pr.
1129 1094 1412 1134 Hamb.—--331.
1439 1096 1540 1125 Latini
1550 1094 1694 1136 plerique

384 1150 469 1182 Pier.
490 1156 522 1179 et
538 1155 675 1189 quatuor
697 1146 781 1188 apud
808 1148 929 1183 Burni„
952 1146 1058 1176 minus
1079 1146 1170 1176 bene.
1261 1154 1334 1184 332.
1360 1159 1468 1176 ramum
1486 1147 1609 1176 Non-et.
1630 1146 1687 1177 sec,

472 1208 545 1239 333.
569 1199 700 1240 eborisque
713 1199 827 1237 aurique
841 1196 953 1238 vulgg.
973 1196 1057 1233 edd„
1079 1207 1137 1226 nec
1163 1196 1260 1226 modo
1287 1195 1361 1227 inde
1389 1196 1427 1227 ab
1456 1197 1530 1227 Ald.
1555 1203 1628 1227 tert.
1656 1207 1693 1226 ex

385 1251 541 1294 Naugerii
565 1249 800 1287 emendatione,
829 1260 943 1279 verum
964 1250 1030 1290 jam
1047 1260 1085 1279 ex
1101 1249 1148 1279 cd.
1167 1259 1216 1290 pr.
1258 1249 1305 1278 At
1333 1256 1411 1279 vett.
1439 1249 1512 1280 edd.
1530 1259 1592 1291 una
1619 1260 1692 1280 cum

382 1305 479 1337 codd.
501 1301 648 1332 omnibus
674 1300 707 1331 id
732 1299 862 1337 habent,
885 1300 970 1341 quod
1000 1299 1112 1331 Heins.
1142 1299 1315 1329 revocavit.
1358 1300 1441 1330 eboris
1457 1301 1560 1330 talenta
1584 1310 1640 1340 per
1664 1300 1695 1339 se

383 1357 471 1389 recle
488 1354 550 1385 dici
565 1352 687 1394 poffent
702 1362 710 1382 :
735 1351 908 1383 aestimatur
925 1350 1011 1382 enim
1028 1350 1105 1381 ebur
1122 1361 1157 1380 ac
1174 1350 1324 1380 venditur
1340 1350 1380 1380 ad
1396 1349 1524 1382 libram.
1571 1338 1694 1382 Vcrnni

383 1410 419 1441 h,
451 1408 474 1440 l,
506 1415 572 1436 non
598 1403 789 1444 appenditur
816 1404 890 1433 ebur.
936 1402 1040 1433 Aiunt
1057 1401 1096 1432 ad
1109 1403 1210 1443 sellam
1241 1400 1383 1431 curulem
1412 1400 1552 1442 spe-stare
1578 1402 1621 1432 vs.
1648 1402 1692 1432 se-
1715 1436 1719 1439 ,

383 1466 521 1502 querite:
557 1454 713 1496 implicita
736 1453 844 1494 itaque
874 1454 958 1484 inter
988 1453 1018 1483 se
1049 1452 1217 1483 collocavit
1240 1451 1310 1493 (per
1340 1451 1514 1482 chiasmum
1541 1451 1696 1484 illustrare

383 1511 485 1542 solent
502 1505 717 1550 grammatici)
739 1507 803 1534 auri
825 1506 927 1534 talenta
944 1510 969 1534 et
990 1504 1074 1533 eboris
1087 1504 1200 1544 sellam.
1248 1502 1373 1532 Mutavi
1390 1511 1497 1532 autem
1513 1502 1696 1544 interpunc-

384 1563 522 1598 tionem,
535 1569 631 1600 quam
647 1557 758 1589 Burm.
789 1566 902 1598 parum
920 1555 1124 1586 commodam
1151 1553 1301 1585 intulerat
1318 1552 1400 1583 hanc
1414 1564 1422 1583 :
1449 1554 1503 1583 M.
1517 1561 1552 1595 p.
1569 1557 1693 1595 aurique,

384 1604 516 1654 &gorg-'sque
540 1611 655 1645 talenta,
683 1608 725 1637 Et
736 1608 849 1648 sellam,
874 1608 960 1648 regni,
984 1606 1169 1646 trabeamque,
1183 1605 1295 1647 itfignia
1311 1604 1402 1645 nqstri.
1449 1603 1572 1635 Pierius
1588 1605 1696 1636 distin-

383 1674 483 1706 gnere
499 1659 652 1693 malebat:
679 1659 732 1689 rw.
739 1659 921 1698 -eborisque,
935 1659 1038 1687 talenta
1055 1658 1096 1687 Et
1106 1659 1208 1698 sellam
1220 1669 1247 1685 n.
1293 1657 1382 1686 Tum
1397 1656 1549 1696 talentaque
1564 1667 1601 1687 ex
1618 1658 1697 1688 Me-

383 1714 448 1747 dic.
468 1712 575 1746 Heius.
591 1716 763 1751 receperat.
807 1708 898 1739 Mihi
920 1707 1002 1738 nihil
1018 1707 1096 1738 dum
1121 1707 1194 1737 satis
1220 1705 1341 1748 placet3
1365 1705 1490 1747 praestat
1507 1713 1615 1737 tamen
1632 1708 1696 1738 lec-

383 1766 431 1798 tio
447 1773 521 1797 ante
537 1761 645 1795 Heins.
661 1760 793 1801 Vulgata
807 1769 815 1790 :
839 1772 952 1790 munera
963 1766 1113 1802 portantes,
1139 1759 1280 1799 eborisque,
1297 1771 1326 1789 α.
1345 1763 1366 1787 t.
1455 1756 1532 1796 336.
1558 1758 1637 1789 ‘Tunc
1653 1758 1694 1791 al.

383 1819 496 1862 infiffus
511 1827 570 1859 pro
585 1813 696 1856 infestus
710 1814 793 1843 Veri.
841 1812 877 1841 In
906 1818 976 1841 toto
1002 1810 1094 1841 versu
1120 1809 1260 1840 nitorem
1286 1807 1449 1838 desidero:
1473 1809 1540 1837 idem
1562 1811 1696 1850 infensus,

385 1883 472 1913 quem.
517 1864 664 1898 serviusz
690 1865 831 1894 Drances
845 1864 924 1899 idem,
944 1860 1104 1898 videlicet,
1130 1860 1184 1901 qui
1200 1859 1293 1900 supra
1309 1857 1392 1899 apud
1408 1859 1546 1890 AEneam
1574 1868 1694 1901 egerat.

385 1924 462 1955 Hoc
484 1919 587 1950 facere
603 1914 738 1956 impedit
763 1912 942 1955 appositum
957 1914 1085 1954 inseaffus.
1132 1910 1280 1947 Mollior,
1303 1916 1394 1951 put0,
1420 1910 1519 1941 exiret
1536 1911 1649 1948 oratio,
1672 1911 1694 1942 si

385 1974 428 2007 fic
445 1971 594 2012 scriptum
618 1965 693 1997 ess‘et
706 1975 714 1995 Ξ
743 1964 816 1993 ‘Tum
832 1965 972 2001 Drances,
992 1965 1071 2002 idem,
1086 1963 1220 2004 ilfi'tgfitm
1236 1972 1310 2002 quem
1317 1961 1409 2002 gloria
1423 1960 1696 2002 Turni—agitabat.

385 2027 435 2057 Ex
450 2022 539 2055 libris
554 2018 602 2051 nil
615 2023 763 2048 notatum
779 2015 883 2046 video.

388 2119 468 2158 vela
485 2125 520 2154 et
538 2115 608 2152 alia
625 2110 846 2162 hujusmodi.
875 2111 977 2147 Serv.
995 2126 1006 2155 3

388 2183 473 2209 nam
501 2173 669 2205 materiem
695 2165 769 2214 jam
789 2175 1008 2200 memorave-

388 2232 457 2260 rat.
512 2234 641 2259 manus,
660 2228 806 2265 Operas;
836 2214 926 2250 male
944 2214 1009 2250 ali-

389 2285 446 2311 ter
463 2272 539 2309 alii.
596 2282 682 2318 331.
707 2272 819 2316 prima
839 2269 986 2317 degente
1000 2282 1010 2310 ;

389 2324 517 2376 primis
533 2323 578 2358 de
595 2319 780 2370 gentibus,
815 2330 859 2353 ex
879 2316 1014 2353 nobili-

389 2387 477 2414 tate.
540 2388 560 2423 3
567 2386 628 2422 32.
666 2374 760 2421 pacis
800 2383 905 2405 ramos
919 2382 932 2404 .·
976 2382 1011 2405 v.

389 2430 469 2479 sup.
504 2439 587 2464 101.
657 2436 676 2471 3
683 2430 743 2470 33·-
771 2424 851 2457 auri
882 2419 1013 2457 talenta

391 2492 428 2518 et
459 2479 561 2516 eboris
575 2474 699 2525 sellam
716 2485 729 2508 :
757 2471 873 2507 videri
906 2470 1013 2506 debet

391 2529 573 2582 implicita
611 2527 705 2563 inter
737 2523 772 2559 se
805 2522 1012 2565 collocaffe3

391 2582 595 2621 chiasmum
622 2573 850 2628 grammatici
868 2583 1011 2610 vocant.

392 2636 433 2672 Si
451 2633 559 2671 modo
577 2630 687 2667 Maro
700 2627 769 2663 hoc
785 2624 913 2662 voluit.
934 2623 1011 2661 vid.

394 2687 484 2724 Var.
501 2683 601 2720 Le&
657 2693 675 2727 3
683 2692 744 2727 34.
772 2675 865 2713 Sella
880 2674 1013 2712 curulis

393 2749 431 2776 et
455 2736 576 2774 trabea
602 2729 758 2780 insignia
788 2726 947 2777 imperii,
977 2735 1013 2762 et

395 2790 490 2826 inter
510 2795 653 2822 munera
668 2779 764 2818 mitti
781 2779 900 2821 solita,
918 2777 1014 2827 apud

396 2841 593 2878 Romanos,
619 2833 803 2873 Albanos,
832 2829 1014 2872 Etruscos,

1073 2109 1231 2158 adeoque
1248 2107 1286 2144 h.
1306 2106 1330 2144 1.
1349 2107 1440 2143 re&e
1458 2115 1494 2143 et
1511 2106 1606 2156 apud
1625 2106 1695 2143 La-

1073 2171 1180 2198 tlnos.

1129 2212 1216 2259 336.
1262 2209 1363 2246 Male
1396 2208 1572 2260 ingeniosi
1604 2223 1696 2246 non-

1076 2263 1168 2301 nulli
1204 2263 1242 2299 in
1280 2263 1424 2298 Drance
1467 2259 1696 2304 Ciceronem,

1077 2325 1117 2351 ut
1151 2314 1190 2351 in
1231 2315 1362 2350 Turno
1399 2311 1456 2348 M.
1493 2312 1696 2349 Antonium

1075 2367 1289 2415 quaesivere3
1322 2364 1469 2402 Urfinus
1496 2363 1535 2399 in
1553 2362 1697 2402 Drance

1078 2417 1368 2466 Polydamantem
1401 2414 1508 2451 Iliad.
1541 2434 1584 2461 μ,
1622 2428 1697 2453 210

1076 2468 1154 2518 sqq.
1188 2467 1399 2504 Macrobius
1433 2465 1485 2509 V,
1514 2479 1535 2503 2
1567 2467 1697 2504 Achil-

1077 2521 1173 2557 lem:
1204 2530 1393 2568 utrumque
1419 2516 1528 2554 nimis
1560 2518 1696 2556 sedulo.

1077 2570 1226 2607 Diceret
1271 2570 1392 2607 saltem
1434 2568 1589 2617 aliquid,
1634 2563 1698 2619 qui

1080 2621 1282 2668 Thersitem
1297 2634 1341 2658 ex
1356 2620 1463 2657 Iliad.
1478 2623 1518 2663 β,
1535 2633 1606 2658 212
1620 2620 1697 2670 sqq.

1080 2684 1161 2710 ante
1198 2673 1322 2710 oculos
1363 2672 1463 2708 fuisse
1504 2672 1698 2709 contende-

1081 2734 1148 2768 ret,
1194 2723 1252 2760 sed
1287 2722 1512 2774 turpitudine
1545 2733 1581 2760 et
1615 2735 1697 2772 pro-

1080 2776 1161 2820 bro,
1190 2788 1263 2825 quo
1298 2775 1351 2812 ibi
1391 2774 1531 2823 flagrat,
1563 2773 1697 2812 libera-

1081 2838 1172 2865 tum.
1228 2826 1349 2864 Etiam
1368 2825 1397 2864 is
1426 2826 1560 2877 ἕχὲιςος
1594 2827 1699 2873 'Axis

1632 2887 1652 2912 λ
1657 2884 1671 2917 ’ἦ
1676 2881 1701 2921 1}
