1847 3313
385 271 441 318 16
552 267 605 316 P.
667 261 1059 315 VIRGILII
1117 252 1525 312 MARONIS

405 634 824 700 AENEIDOS
875 630 1148 696 LIBER
1199 626 1666 692 SEPTIMUS.

382 980 477 1073 T
495 1025 543 1071 U
577 1038 769 1087 quoque
792 1018 1015 1069 litoribus
1040 1018 1226 1075 nostriS,
1260 1015 1432 1064 AEneia
1455 1014 1634 1072 nutrix,

382 1115 628 1162 AEternam
653 1112 859 1160 moriens
885 1111 1079 1167 famam,
1103 1109 1280 1166 Caieta,
1303 1107 1473 1155 dedisti
1499 1130 1512 1162 ;

384 1201 448 1252 Et
470 1220 593 1251 nunc
617 1203 768 1251 servat
790 1203 939 1249 honos
963 1200 1121 1249 sedem
1144 1205 1265 1257 'tuuS‚
1289 1198 1474 1262 ossaque
1494 1207 1671 1245 nomen

384 1295 619 1359 Hesperia
643 1294 690 1341 in
714 1309 902 1358 magna,
936 1291 971 1338 fi
994 1307 1089 1355 qua
1109 1290 1175 1338 est
1197 1306 1250 1337 ea
1271 1288 1442 1354 gloria,
1465 1283 1634 1353 signat.

430 1439 459 1462 2.
485 1431 603 1474 famam
618 1430 731 1460 moriens
755 1425 852 1462 Gud.,
878 1425 1006 1467 ingrato
1022 1424 1111 1469 sono.
1201 1432 1232 1463 3.
1253 1423 1300 1454 At
1314 1432 1386 1453 nune
1406 1430 1457 1463 pr.-
1476 1422 1596 1452 Moret.
1621 1429 1640 1450 a
1654 1427 1702 1452 ma
1719 1413 1723 1416 ’

386 1490 553 1524 φιτ-*4.
578 1493 610 1512 ea
633 1479 718 1510 deest
736 1480 850 1520 Puget.
886 1478 1009 1520 fignant
1030 1474 1144 1507 Heius.
1170 1485 1187 1505 e
1204 1473 1328 1504 Medic.
1345 1472 1428 1503 Gud.
1448 1479 1479 1503 et
1495 1471 1565 1502 aliis
1575 1469 1702 1502 maluit*

385 1533 447 1563 *eled
463 1531 607 1573 exemplo
624 1530 750 1572 adjeeim
773 1528 830 1570 (fic
852 1527 936 1570 apud
963 1526 1139 1562 Nasonem,
1175 1526 1283 1556 nomina
1302 1525 1422 1566 signata
1444 1522 1539 1566 saxo)
1562 1521 1615 1552 vix
1632 1519 1707 1552 sati·

387 1583 555 1614 commode
571 1580 756 1618 declaravit,
769 1590 833 1621 quo
846 1577 944 1610 modo
957 1576 1057 1618 accipi
1073 1575 1105 1607 id
1121 1574 1230 1607 vellet.v
1279 1574 1481 1605 Burmannus
1497 1572 1537 1603 ad
1553 1571 1705 1614 hysteron

385 1642 539 1675 proteron
555 1633 708 1669 recurrit;
731 1630 818 1672 quod
837 1628 942 1660 multo
961 1627 1069 1659 minus
1092 1624 1301 1657 commodum
1317 1624 1374 1656 est.
1422 1623 1580 1655 contorte
1604 1622 1705 1653 etiam·

388 1685 505 1717 Cerda.
553 1683 585 1714 Si
599 1682 685 1714 tueri
701 1681 782 1713 iilud
797 1680 888 1717 velis,
910 1677 1082 1710 dicendum
1095 1675 1170 1708 esset
1184 1686 1194 1708 ι
1219 1677 1272 1720 qffi²
1288 1685 1347 1718 pro
1363 1674 1434 1705 loc'o
1451 1673 1537 1704 dieta
1553 1671 1626 1711 esse,
1640 1676 1707 1713 quo⁴

387 1735 451 1768 offa
468 1735 539 1766 sunt
557 1733 698 1770 condita,
719 1729 781 1763 hoc
804 1730 861 1768 est,
884 1740 943 1772 pro
969 1727 1116 1766 tumu103
1147 1725 1175 1758 is
1201 1725 1315 1768 signat,
1341 1725 1485 1766 adeoque
1508 1724 1560 1768 cgfflz
1573 1724 1705 1766 signant,

387 1788 483 1820 titulo
504 1784 659 1826 insculpto
675 1782 809 1825 posteris
822 1781 977 1823 produnt,
999 1791 1090 1811 nomen
1116 1785 1222 1809 tuum.
1269 1776 1445 1807 Enimvero
1459 1774 1587 1816 praestat
1604 1774 1704 1805 altera

387 1847 462 1871 ante
480 1835 649 1868 Heinfium
665 1834 798 1876 vulgata
812 1832 923 1870 leffio,
942 1841 1039 1873 quam
1056 1830 1141 1860 inter
1167 1835 1299 1859 caeteros
1323 1826 1448 1858 codices
1469 1827 1636 1861 Romanus
1650 1825 1705 1856 fir-⁶

388 1898 470 1927 mat,
490 1890 600 1932 stgnat,
631 1895 668 1919 ut
690 1888 771 1918 honos
787 1887 895 1930 servat
917 1883 1023 1929 sedem,
1044 1882 1084 1914 fic
1108 1892 1201 1913 nomen
1217 1881 1320 1923 signat
1345 1880 1410 1924 qffia,
1436 1877 1470 1910 h.
1496 1887 1615 1908 nomen
1632 1876 1707 1909 loc&

386 1943 527 1974 inditum
548 1939 744 1981 sepulturam
769 1936 891 1970 Caietae
917 1935 958 1967 ad
988 1934 1131 1967 nostram
1158 1930 1352 1964 memoriam
1370 1929 1487 1962 servat.
1532 1928 1593 1960 Ed.
1620 1928 1705 1959 Ven-

388 1992 520 2034 tepetit,
533 1990 652 2035 servat.

448 2114 557 2151 1—4.
599 2100 746 2142 Caietae,
789 2107 870 2148 quae
900 2094 938 2132 in
955 2093 1014 2131 his
1083 2105 1121 2141 3.
1142 2089 1350 2129 Etiamnum
1356 2089 1589 2139 firvathonos
1591 2090 1707 2138 stdem·

391 2155 482 2192 Iocis
501 2151 671 2194 moxitur,
697 2148 872 2187 memoria
890 2147 928 2183 in
946 2146 1014 2184 AE-
1081 2156 1171 2188 tuus,
1215 2142 1403 2192 exquisite,
1455 2155 1538 2192 pro,
1591 2141 1707 2179 honos

393 2219 468 2242 neae
481 2202 659 2241 erroribus
671 2215 742 2239 non
753 2199 905 2238 obscura
915 2207 991 2236 erat
1003 2211 1012 2235 :

393 2269 428 2294 et
441 2253 680 2307 promontorii
694 2251 887 2302 portusque
904 2259 940 2286 et
955 2261 1014 2286 ur-

393 2308 449 2346 bis
468 2319 597 2344 nomen
612 2305 650 2341 in
683 2303 783 2341 Latii
799 2311 835 2340 et
858 2302 1016 2351 Campa-

393 2359 463 2397 niae
479 2359 608 2395 finibus
625 2356 670 2392 ab
685 2369 726 2392 ea
742 2355 890 2392 <iustum
904 2354 1016 2402 vulgo

395 2410 591 2448 ferebatur.
645 2407 703 2444 De
722 2407 851 2455 cajeta
869 2419 905 2442 v.
938 2403 1017 2440 Ex-

397 2462 489 2500 curs.
509 2462 540 2498 Ι.
594 2459 708 2509 Super
725 2457 811 2495 libri
826 2456 937 2494 initio
957 2464 1020 2491 aut

396 2513 550 2551 nimium
568 2511 748 2560 disjunfio
766 2522 785 2545 a
797 2506 931 2545 Miseni
945 2519 1018 2544 me-

398 2565 516 2602 moria
534 2563 606 2607 VI,
626 2575 697 2611 232
738 2564 836 2610 (nam
863 2559 909 2596 ad
928 2558 1019 2595 hane

400 2617 550 2653 refertur
576 2626 613 2652 tu
631 2616 791 2665 quoqunj,
818 2620 880 2648 aut
907 2609 1019 2646 nimi-

399 2681 460 2705 um
493 2666 684 2716 conjunfio
714 2676 799 2702 cum
826 2662 925 2701 verss'.
961 2662 1020 2698 ul-

399 2719 500 2756 timis
544 2718 619 2767 sup.
661 2715 763 2759 libri,
807 2727 891 2751 cum
930 2722 1020 2752 vett.

402 2767 664 2811 Grammaticis
692 2766 854 2819 argmari
889 2764 1021 2808 nolim.

1082 2196 1177 2232 adest
1196 2194 1331 2238 adhuc,
1361 2193 1528 2244 superest,
1547 2193 1707 2230 servatur·

1081 2246 1159 2284 sedi
1187 2256 1271 2291 tuae,
1303 2244 1433 2283 tumuli
1452 2245 1505 2282 tui
1522 2253 1622 2282 extat
1640 2244 1706 2281 ad-

1082 2298 1154 2336 hue
1171 2297 1365 2342 memoria;
1411 2310 1493 2333 nam
1516 2298 1614 2345 sedes
1639 2309 1707 2346 pro

1083 2350 1260 2401 sepulcro,
1294 2357 1334 2386 ut
1359 2362 1396 2386 v.
1430 2362 1497 2399 ¹52
1532 2347 1599 2384 lib.
1634 2348 1705 2385 VI.

1081 2402 1177 2439 honos
1204 2413 1268 2451 pro
1286 2400 1394 2437 titulo
1412 2409 1447 2437 et
1474 2399 1618 2436 nornine
1647 2398 1705 2436 seu

1083 2452 1259 2503 inscripto
1298 2451 1357 2488 seu
1390 2450 1485 2488 fama
1527 2451 1704 2500 vulgato:

1081 2504 1186 2554 supra
1215 2502 1288 2548 VI,
1322 2516 1392 2554 507
1423 2518 1535 2540 nomen
1561 2514 1591 2538 et
1607 2511 1707 2539 arma

1083 2555 1183 2593 locum
1206 2557 1370 2605 servant.
1432 2554 1599 2591 Alterum
1642 2556 1708 2604 qffae

1083 2622 1197 2645 nomen
1202 2608 1338 2659 signat,
1356 2605 1483 2642 eodem
1499 2605 1572 2641 fere
1591 2604 1710 2650 redit;

1084 2674 1195 2697 nomen
1221 2659 1269 2695 est
1287 2657 1413 2694 titulus
1432 2655 1597 2707 sepulcri.
1625 2657 1708 2705 Hes-

1078 2717 1177 2761 peria
1195 2725 1322 2760 magna
1346 2708 1532 2760 epitheton
1551 2719 1680 2744 ornans
1694 2716 1707 2752 ξ

1086 2776 1125 2802 v.
1157 2761 1192 2806 I,
1223 2762 1298 2814 569
1323 2769 1361 2800 et
1392 2759 1467 2805 IV,
1495 2771 1567 2811 345
1596 2757 1708 2795 Italia

1582 2821 1710 2861 magna
