1847 3313
419 244 837 302 AENEIDOS,
887 244 1040 292 LIB.
1093 245 1184 293 XI.
1356 263 1446 313 539

134 380 320 429 Primus
344 379 466 427 ades.
539 379 628 425 Sed
649 394 745 425 non
769 379 988 441 replenda
1013 379 1078 425 est
1099 378 1229 425 curIa
1248 378 1420 435 verbis,

134 471 261 535 Qae
283 482 386 518 tuto
408 470 502 516 tibi
523 484 695 531 magna
717 468 890 524 volant,
913 467 1029 514 dum
1050 467 1239 514 distinet
1261 467 1442 515 hostem

132 564 300 625 Agger
324 576 605 616 moerorum,
629 574 714 604 nec
740 558 971 608 inundant
994 556 1218 621 sanguine
1243 556 1387 603 foffae.

131 650 338 697 Proinde
362 662 472 696 tona
495 649 698 710 eloquio,
722 647 912 694 solitum
929 647 1045 701 tibi;
1071 663 1240 710 meque
1256 647 1443 694 timoris

133 740 298 802 Argue
321 751 388 796 tU,
411 739 623 791 Drance3
659 737 846 800 quando
870 748 941 792 tot
965 736 1127 799 stragis
1150 751 1343 783 acervos

133 829 429 875 Teucrorum
453 838 532 871 tua
556 824 719 870 dextra
741 823 888 881 dedit,
912 823 1171 886 paffimque
1193 826 1386 887 tropaeis

132 916 333 979 Insignis
356 930 506 977 agros.
577 911 716 958 Poffit
739 911 856 974 quid
880 912 1038 957 vivida
1062 913 1225 969 virtus,
1345 917 1439 977 386

132 1007 388 1070 Experiare
412 1005 552 1058 licet;
590 1019 674 1050 nec
699 1003 840 1066 longe
861 992 1216 1050 scilicet'hostes

177 1137 253 1178 380.
277 1137 433 1181 complenda
450 1138 560 1167 Franc.
606 1136 744 1179 implenda
762 1134 861 1167 Goth.
881 1142 954 1166 tert.
1046 1135 1120 1175 381.
1145 1137 1248 1168 detinet
1270 1136 1386 1168 MediC.
1410 1145 1443 1170 et

131 1189 185 1229 alii
203 1189 312 1221 Heius.
330 1198 361 1220 et
383 1189 466 1220 Pier.
488 1197 560 1220 cum
577 1187 659 1220 binis
675 1187 775 1219 Goth.
816 1187 927 1229 distinet
942 1188 1038 1219 Rom.
1130 1188 1203 1227 382.
1225 1190 1328 1232 Agger
1343 1202 1443 1222 maere.-

131 1254 217 1272 rum:
241 1240 435 1281 Scripturam
453 1239 572 1280 recepit
589 1249 605 1269 e
622 1238 713 1269 codd.
740 1238 849 1268 Heins.
866 1237 907 1268 cf.
935 1237 1001 1279 sup.
1031 1238 1071 1268 ad
1096 1237 1150 1269 lib.
1177 1241 1222 1277 X,
1247 1238 1288 1278 24
1313 1248 1344 1271 et
1365 1251 1437 1278 144.

132 1292 266 1322 Editum
283 1290 381 1331 vulgo
397 1300 405 1320 t
431 1301 582 1326 murorum,
607 1288 693 1330 quod
706 1289 803 1317 Rom.
830 1294 951 1318 tuetur.
997 1289 1033 1317 In
1051 1288 1168 1319 Medic.
1184 1296 1215 1320 et
1237 1289 1371 1322 Mentel.
1389 1300 1441 1332 pr.

131 1355 150 1374 a
173 1354 216 1373 m.
246 1353 292 1386 pr.
339 1344 458 1384 Aggere
486 1353 645 1372 maerorum.
693 1341 794 1370 Porro
811 1340 901 1383 fqffas
929 1350 980 1380 ap.
1014 1340 1163 1373 Priscian.
1193 1342 1247 1373 lib.
1275 1344 1350 1373 VIII
1375 1341 1443 1384 legi

133 1394 240 1425 Pierio
257 1392 471 1425 observatum.
519 1393 566 1422 At
590 1402 618 1422 v.
639 1391 705 1431 sup.
721 1391 761 1421 ad
777 1391 822 1427 X,
842 1399 894 1427 24.
940 1389 1023 1420 Illud
1038 1402 1114 1422 vero
1130 1393 1232 1425 multo
1246 1394 1352 1426 minus
1365 1405 1442 1436 pro-

131 1443 285 1484 bandum,
311 1444 396 1485 quod
420 1444 576 1473 Canterus
590 1443 634 1473 VI
652 1442 735 1472 Nov.
761 1440 850 1472 Lech
871 1440 888 1472 8
906 1440 1052 1482 conjecit,
1068 1449 1099 1473 et
1116 1454 1133 1474 a
1150 1445 1253 1476 Cerda
1267 1445 1441 1488 repositum

131 1495 248 1525 video:
285 1503 312 1525 et
343 1493 583 1535 inundantſsf,
604 1491 794 1533 postulante,
823 1498 859 1521 ut
889 1490 946 1529 ait,
967 1490 1134 1525 sententia.
1182 1496 1212 1525 A
1240 1506 1303 1536 qua
1329 1496 1440 1538 utique

132 1546 302 1579 aberravit.
348 1546 433 1575 Nam
460 1544 528 1574 est:
555 1545 674 1584 Magna
705 1542 855 1583 loqueris,
881 1542 958 1573 dum
982 1543 1084 1574 adhuc
1110 1546 1196 1577 muri
1221 1547 1262 1578 ab
1288 1547 1377 1579 hoste
1408 1556 1442 1580 te

131 1604 278 1629 tutantur
289 1603 321 1626 et
339 1594 429 1626 foffas
444 1594 590 1624 nondum
613 1593 738 1634 sanguis
755 1593 900 1630 inundat,
914 1592 947 1623 h.
965 1592 1039 1624 urbs
1055 1596 1199 1627 nondum
1216 1606 1440 1639 oppugnatur;

131 1650 218 1692 quod
235 1646 416 1688 exquisitius
431 1645 531 1676 altero
555 1645 652 1675 modo
680 1644 816 1675 extulit:
841 1656 887 1675 nec
904 1645 1041 1675 inundant
1055 1644 1193 1689 sanguine
1204 1649 1291 1692 foffae
1304 1662 1315 1681 .·
1338 1657 1374 1681 ut
1396 1653 1442 1682 in-

131 1701 241 1733 undant
266 1697 406 1728 absolute
432 1695 468 1727 fit
499 1696 632 1727 difflum.
725 1693 886 1738 383.fina
903 1695 1031 1727 Vratiss.
1080 1697 1183 1740 eloquio
1197 1699 1275 1741 solito
1294 1700 1439 1743 plerique

131 1752 213 1783 Pier.
244 1750 391 1790 (excepto
418 1748 578 1789 Romano)
609 1754 639 1776 et
666 1745 787 1787 aliquot
814 1744 979 1776 Heinfiani
1005 1757 1078 1777 cum
1095 1748 1196 1781 Goth.
1215 1757 1288 1782 tert.
1318 1759 1348 1783 et
1365 1753 1436 1785 Erf‚

130 1802 191 1834 Sed
213 1801 322 1845 solitum
350 1799 401 1830 tibi
423 1798 619 1840 elegantius;
643 1797 765 1827 variata
793 1797 951 1835 oratione,
975 1808 1052 1838 pro:
1077 1806 1111 1829 ut
1127 1799 1215 1831 soles.
1263 1802 1312 1832 Sic
1343 1804 1438 1839 εἷωθιῗς

130 1853 272 1884 absolute
298 1850 525 1892 interponitur,
551 1856 582 1879 ct
607 1849 678 1879 alia.
721 1861 817 1892 meque
830 1849 943 1891 furoris
967 1849 1123 1880 Montalb.
1212 1851 1287 1891 384,
1312 1856 1441 1897 Argus„

132 1906 175 1936 D.
194 1914 243 1946 pr.
264 1902 341 1934 edit.
365 1902 474 1932 Burm.
505 1908 535 1932 et
565 1900 631 1930 Erf.
677 1902 807 1932 Drances
836 1899 933 1930 etiam
959 1899 1011 1931 hie
1037 1901 1170 1943 aliquot.
1188 1913 1220 1932 v.
1245 1904 1285 1935 ad
1302 1915 1332 1937 v,
1359 1906 1436 1947 378.

133 1955 244 1997 quando
260 1962 298 1984 tot
311 1953 423 1984 Heins.
453 1963 469 1982 e
497 1951 714 1993 grammaticis
744 1959 776 1981 et
799 1950 930 1993 scriptis.
966 1951 1092 1993 Vulgo:
1119 1962 1158 1984 tot
1183 1956 1302 1996 quando.
1348 1957 1440 1989 Tum

131 2004 217 2037 caedis
233 2015 348 2034 acervos
372 2000 527 2044 Qinsstil.
546 2000 601 2032 lib.
622 2001 683 2038 IX,
700 2008 729 2036 2,
746 2007 780 2030 ut
795 2000 862 2042 sup.
882 2001 928 2038 X,
950 2009 1024 2039 245.
1052 2003 1112 2040 XI,
1137 2012 1212 2042 207,
1234 2004 1266 2036 h.
1289 2017 1317 2038 e.
1344 2008 1439 2039 caeso-

131 2052 378 2092 rum.——385.
401 2053 541 2084 ‘Teucrum
567 2060 606 2082 tot
632 2060 683 2082 tua
708 2050 767 2081 sec.
794 2051 920 2082 Moret.
967 2061 1017 2082 tua
1044 2054 1100 2083 tela
1129 2053 1255 2087 Zulich.
1282 2067 1299 2087 a
1315 2068 1359 2089 m.
1384 2070 1436 2101 pr,

221 2105 295 2145 386.
321 2107 444 2147 Irfignes
460 2111 524 2134 tres
540 2103 651 2134 Heins.
696 2104 816 2145 Instgnis
843 2112 882 2134 tot
907 2116 988 2146 agros
1011 2104 1138 2136 Zulich.
1185 2109 1303 2150 Irgsignis
1330 2122 1439 2156 campos

132 2159 196 2190 duo
213 2156 369 2187 Rottend.
414 2156 458 2185 lta
482 2154 570 2185 fuere
588 2154 625 2184 de
642 2153 759 2194 syllaba
776 2156 797 2184 is
824 2154 906 2185 male
934 2154 1068 2186 solliciti.
1112 2159 1188 2200 quod
1203 2160 1332 2194 Zulich.
1357 2174 1375 2193 a
1390 2175 1435 2196 m,

131 2220 182 2251 pr.
229 2208 340 2250 Spatfit
365 2206 436 2249 quid
465 2207 568 2247 Sprot.
596 2216 654 2247 pro
686 2216 753 2237 var.
782 2205 856 2236 leet.
899 2207 1000 2237 invida
1025 2221 1061 2237 v.
1086 2208 1185 2240 Goth.
1201 2216 1272 2241 tert.
1361 2215 1434 2256 387,

132 2261 199 2294 libet
220 2260 355 2300 Menag.
373 2268 421 2300 pr.
465 2269 516 2289 non
531 2259 552 2288 l.
569 2267 618 2299 pr.
634 2256 755 2290 Hamb.
774 2264 806 2289 et
822 2257 922 2288 Goth.
947 2258 1004 2289 see.
1049 2260 1126 2302 longo
1142 2261 1217 2292 Exc.
1241 2263 1353 2296 Burm.

133 2371 263 2412 bitror,
298 2368 396 2418 quod
426 2368 472 2404 ad
505 2376 616 2403 artem
635 2367 752 2405 decla·
817 2368 905 2405 dum
921 2368 1014 2406 intra
1029 2371 1161 2408 moenia
1177 2382 1270 2410 tutus
1283 2374 1329 2411 ab
1343 2375 1438 2413 hoste

133 2421 326 2459 matoriam
344 2420 492 2469 propius
507 2418 649 2468 spefflet.
682 2418 752 2456 Sed
817 2419 918 2468 lates,
956 2422 1125 2466 necdum,
1162 2437 1345 2462 murorum
1375 2440 1438 2476 op-

132 2472 286 2510 habebat
322 2470 550 2521 Euripidem,
593 2469 685 2506 forte
718 2480 754 2507 et
817 2471 1038 2520 pugnatione
1072 2472 1179 2518 faeta,
1223 2475 1317 2513 foffae
1359 2477 1436 2514 san-

133 2523 224 2561 alios
242 2523 411 2573 tragi003‚
428 2521 491 2571 qui
509 2520 545 2557 in
566 2521 753 2558 rhetoricis
817 2523 1105 2571 guinecaesorum
1121 2525 1436 2575 implentur.conf.

132 2573 413 2625 hisdialogisad
428 2571 662 2609 dramaticam
677 2572 753 2609 for·
819 2573 910 2610 Var.
948 2574 1046 2612 Lee‘i.
1102 2580 1189 2624 383.
1235 2578 1333 2616 Cum
1368 2580 1438 2617 ita-

133 2640 231 2664 marn
277 2623 480 2674 compositis
523 2624 752 2674 praeiverunt.
818 2637 888 2674 que
918 2625 1027 2661 muris
1057 2626 1174 2663 adhuc
1204 2628 1311 2666 hostis
1339 2630 1438 2668 disti-

135 2682 224 2726 380.
277 2677 347 2713 Sed
382 2688 476 2712 nune
508 2687 581 2711 non
613 2685 752 2725 tempus
818 2685 954 2712 neatur.
1026 2678 1168 2714 Proinde
1202 2680 1246 2716 ad
1283 2680 1438 2720 formam

134 2729 181 2767 est
199 2727 355 2765 orationi
374 2725 411 2763 in
437 2726 537 2762 curia
564 2725 752 2763 faciendae.
818 2731 861 2763 τὲ
891 2727 980 2769 εἶτα,
1009 2730 1150 2774 ὲ’πειτα;
1177 2744 1257 2780 quae
1275 2744 1357 2769 cum
1387 2733 1438 2770 ita

137 2783 224 2831 381.
272 2783 358 2828 382.
404 2790 534 2828 magna
577 2776 753 2828 loqueri3‚
814 2778 896 2815 fint.
951 2778 1046 2817 Mox
1065 2782 1208 2830 quando,
1226 2795 1292 2834 pro
1325 2797 1439 2833 quan-

1306 2834 1438 2886 doqui-
