1847 3313
331 283 427 335 590
527 264 581 312 P.
631 255 1011 308 VIRGILII
1056 252 1448 302 MARONIS

330 403 442 450 Alta
462 400 589 447 sedet
607 395 820 452 summiS,
855 391 1127 456 speciatque
1151 387 1366 436 interrita
1386 400 1589 450 pugnas,

332 492 497 552 thue
511 485 674 551 procul
696 481 1103 546 mediojuvenum
1118 479 1169 525 in
1181 477 1391 525 clamore
1407 474 1648 522 furentum

330 578 454 626 Pros
448 577 580 640 pexit
602 574 719 622 tristi
741 571 991 619 multatam
1016 579 1167 616 morte
1188 564 1441 613 Camillam
1458 586 1472 618 3

331 666 682 730 Ingemuitque,
702 660 930 723 deditque
942 657 1025 704 has
1043 657 1141 704 imo
1156 654 1345 717 peciore
1362 666 1499 698 voces
1517 667 1530 698 z
1559 650 1653 706 840

335 757 449 805 Heu
468 753 692 810 nimium,
725 750 880 813 virgo,
914 744 1122 793 nimium
1142 741 1332 791 crudele
1356 739 1482 787 luisti

337 844 660 910 Supplicium,
692 841 902 887 Teucros
919 846 1088 882 conata
1105 832 1319 881 lacessere
1342 829 1470 876 bello
1489 828 1502 875 !

338 934 443 984 Nec
468 932 558 979 tibi
581 928 778 976 desertae
801 926 849 972 in
871 923 1029 972 dumis
1046 920 1237 968 coluiffe
1254 918 1459 966 Dianam

339 1022 543 1078 Profuit,
576 1029 656 1065 aut
679 1014 858 1063 nostras
877 1013 1078 1060 humero
1091 1007 1264 1073 gessiss'e
1278 1007 1536 1071 pharetras.

340 1117 455 1165 Non
474 1127 634 1161 tamen
655 1108 930 1157 indecorem
948 1118 1027 1153 tua
1049 1117 1096 1151 te
1118 1104 1280 1167 regina
1301 1101 1492 1164 reliquit
1570 1104 1656 1162 845

343 1209 573 1257 Extrema
595 1202 701 1267 jam
741 1200 791 1247 in
825 1209 977 1246 morte
996 1216 1007 1244 ;
1064 1210 1216 1259 neque
1238 1193 1328 1241 hoc
1351 1191 1446 1240 fine
1468 1191 1664 1239 nomine

538 1294 693 1341 letum

391 1427 409 1459 3
415 1435 466 1467 37.
488 1427 630 1458 interrita.
677 1424 751 1455 Hoc
764 1419 919 1453 vocabulo
937 1419 1061 1462 adjecito
1078 1429 1130 1451 me
1144 1428 1209 1449 non
1225 1427 1422 1460 magnopere
1434 1416 1586 1448 deleffcari
1610 1415 1661 1448 lu·
1716 1403 1721 1406 Ι

348 1479 462 1511 benter
478 1477 594 1510 fateor.
642 1478 710 1507 Aut
727 1474 815 1506 enim
830 1473 983 1510 alienum,
1003 1479 1059 1503 aut
1079 1471 1218 1502 otiosum
1242 1470 1297 1502 est.
1343 1471 1391 1500 Ut
1407 1468 1519 1500 saltem
1536 1469 1668 1511 adjuves

348 1529 602 1573 quodammodo,
625 1526 797 1559 dicendum
809 1524 866 1564 est,
886 1523 1023 1566 exprimi
1038 1530 1166 1555 tantum
1178 1522 1249 1558 hoc,
1271 1520 1357 1563 quod
1372 1528 1453 1559 tuta,
1477 1527 1575 1553 etuto
1587 1520 1672 1560 loco,

349 1593 496 1626 pugnam
512 1579 663 1624 prospicit
672 1577 769 1620 Opis3
795 1584 863 1615 aut,
885 1587 958 1607 cum
969 1575 1046 1606 alias
1059 1574 1110 1606 vel
1125 1574 1191 1606 solo
1209 1583 1372 1605 armorum
1388 1573 1521 1615 strepitu
1539 1580 1571 1604 et
1586 1583 1670 1615 pug-

351 1645 401 1665 nae
414 1633 563 1675 adspectu
575 1630 689 1664 terreri
706 1629 826 1660 soleant
836 1627 993 1670 puellares
1008 1624 1281 1665 animi.—--838.
1294 1625 1387 1666 Atque
1402 1624 1494 1655 Leid.
1529 1627 1672 1666 juvenum

352 1688 434 1716 medio
451 1689 582 1726 Menag.
597 1694 645 1726 pr.
678 1685 811 1725 juvenem
829 1680 936 1721 Bigot.
954 1686 986 1709 et
1004 1678 1102 1710 Goth.
1127 1685 1202 1708 tert.
1236 1678 1369 1718 juvenem
1382 1676 1464 1704 medio
1480 1677 1508 1704 in
1523 1677 1557 1706 cl.
1565 1677 1672 1716 furen-

352 1746 404 1771 sem
418 1739 504 1770 Gud.
547 1740 575 1768 in
592 1736 691 1768 etiam
716 1736 807 1777 Junt.
832 1732 882 1764 ed.
908 1731 1003 1762 abest.
1049 1731 1175 1774 Juvenes
1198 1729 1270 1761 sunt
1286 1729 1385 1769 αἰζηοὶ,
1405 1728 1583 1760 bellatores.

355 1791 432 1832 839,
456 1791 617 1820 mammam
635 1786 760 1817 Pierius
771 1784 804 1814 in
820 1783 1073 1814 suisinvencrat=
1097 1781 1199 1823 sicque
1210 1787 1275 1812 tres
1291 1779 1401 1812 Heius.
1446 1780 1492 1810 At
1503 1779 1675 1812 Mediceus

354 1853 429 1874 cuni
445 1852 497 1884 qu.
513 1842 633 1871 Moret.
650 1848 683 1869 et
700 1837 791 1868 Leid.
809 1836 971 1872 mulcatum,
992 1835 1080 1876 quod
1095 1833 1193 1865 etiam
1217 1843 1255 1864 ex
1269 1840 1337 1864 vet.
1363 1831 1432 1862 cod.
1449 1831 1556 1863 laudat
1572 1838 1605 1862 et
1620 1831 1676 1862 de-

355 1894 460 1926 fendit
477 1892 633 1924 Gueilius.
680 1896 814 1920 mutatam
829 1889 938 1918 Franc.
957 1895 988 1918 et
1001 1886 1146 1918 Parrhas.
1194 1889 1269 1929 Jam
1285 1886 1324 1916 de
1338 1884 1387 1915 his
1395 1884 1527 1915 vocibus
1539 1884 1612 1916 satis
1625 1896 1678 1916 ac·

358 1953 465 1977 curate
483 1944 593 1975 adium
609 1941 719 1986 paffim
743 1951 761 1971 a
790 1939 868 1970 viris
895 1938 1008 1969 doetis.
1052 1937 1181 1968 Laudat
1199 1937 1309 1968 Burni.
1329 1936 1490 1966 Arntzen.
1505 1935 1546 1966 ad
1563 1935 1675 1968 Aurel.

356 1997 448 2030 Vi&
459 1997 533 2029 Vir.
552 1996 608 2033 111,
629 2001 723 2033 c.51,
746 1989 909 2022 Drakenb.
927 1989 967 2020 ad
978 1989 1052 2022 Liv.
1073 1990 1128 2027 111,
1146 1988 1198 2027 67.
1243 1989 1388 2018 mulcatum
1401 1987 1434 2018 h.
1454 1986 1476 2019 l.
1501 1986 1611 2018 Heins.
1628 1987 1678 2018 in-

357 2049 496 2085 tulerat3
516 2046 586 2087 jure
601 2045 656 2076 suo
677 2041 809 2074 retraxit
826 2042 939 2072 Burm.
956 2042 1114 2078 multatam,
1136 2039 1223 2081 quod
1235 2039 1303 2080 jam
1319 2037 1392 2068 inde
1418 2038 1456 2068 ab
1473 2037 1575 2068 Aldd.
1592 2037 1679 2078 lege-

356 2101 462 2132 batur.
507 2099 575 2128 Nec
588 2096 674 2127 enim
687 2094 780 2125 aliter
795 2091 910 2124 dicitur
923 2101 1019 2133 quam
1035 2101 1043 2121 ι
1067 2090 1198 2121 multari
1211 2088 1356 2132 pecunia,
1378 2087 1484 2126 exilio,
1507 2094 1621 2123 morte,
1643 2093 1681 2117 ut

358 2151 410 2183 vel
426 2147 542 2181 Lexica
561 2148 689 2179 docent.
735 2158 774 2175 m.
788 2147 817 2174 in
830 2151 914 2174 morte
930 2141 1203 2185 Sprot.-—-—-840.
1223 2142 1342 2183 Ingemit
1354 2146 1378 2170 et
1393 2141 1462 2169 dedit
1472 2140 1522 2170 has
1538 2138 1682 2170 Dorvill.

359 2202 522 2242 .—-843.
550 2202 613 2232 Hoc
627 2201 677 2230 tibi
692 2199 839 2230 Donatus
850 2195 958 2239 legisse
969 2196 1053 2227 visus
1069 2198 1130 2228 Ge.
1145 2194 1299 2226 Fabricio.
1345 2195 1453 2224 Dianae
1466 2192 1592 2224 Vratiss.

361 2257 436 2294 844.
456 2254 563 2297 gestqff}
578 2252 700 2294 aliquot
714 2250 797 2281 Pier.
810 2257 842 2280 ec
859 2248 1054 2280 membranae
1073 2247 1229 2284 Brunck.‚
1251 2245 1305 2288 qui
1321 2245 1354 2276 id
1365 2244 1520 2287 reposuit.
1555 2245 1681 2285 fizgittas

361 2306 488 2338 Medic.
522 2315 596 2335 cum
613 2300 775 2333 nonnullis
801 2300 870 2331 aliis
892 2308 924 2331 et
953 2299 1038 2330 binis
1064 2299 1165 2331 Goth.
1196 2295 1532 2334 aberravit.---—845.
1569 2296 1683 2338 reliquit

364 2358 473 2391 Heius.
492 2356 624 2398 recepit,
646 2355 849 2401 eli-Romano
866 2352 977 2390 Pierii,
998 2352 1144 2383 Mediceo
1160 2351 1290 2392 aliisque
1306 2349 1383 2380 suis.
1426 2347 1475 2378 Sic
1503 2358 1541 2378 ex
1556 2347 1684 2378 decreto

362 2411 477 2442 Dianae
489 2419 539 2439 res
553 2407 619 2449 jam
635 2405 805 2436 constituta
821 2404 967 2435 habetur.
1012 2406 1139 2445 relinquit
1166 2403 1289 2444 aliquot
1316 2401 1398 2432 Pier.
1423 2406 1454 2430 et
1479 2407 1543 2430 tres
1570 2398 1684 2430 Heius.

364 2464 497 2502 nlitzquct
511 2458 610 2500 vulgo
623 2457 740 2498 legitur
753 2465 762 2486 ς
789 2454 828 2486 sic
840 2465 968 2497 quoque
985 2461 1050 2486 tres
1062 2454 1161 2486 Goth.
1180 2464 1254 2485 cum
1270 2451 1337 2482 Erf.
1430 2449 1503 2487 846.
1520 2452 1586 2492 jam
1601 2449 1686 2481 abest

1573 2502 1682 2542 Sprot.

366 2583 478 2625 VIII,
499 2594 572 2631 270
590 2580 697 2617 domus
716 2576 875 2614 Herculei
895 2579 989 2626 czfios
1053 2573 1215 2618 desertiS,
1258 2572 1295 2610 h.
1317 2570 1428 2609 filvis.
1482 2574 1619 2615 nostras,
1647 2580 1691 2611 ut

368 2639 516 2675 Pinaria
517 2636 614 2682 sacri
629 2631 675 2667 de
691 2629 888 2666 sacerdote.
937 2628 991 2665 Ut
1063 2629 1168 2678 supra
1186 2640 1203 2676 5
1213 2626 1259 2673 36
1273 2626 1382 2674 nostris
1397 2615 1606 2673 rseqzcz's}zaczm
1621 2629 1690 2660 cin-

368 2700 454 2726 vero
486 2681 701 2735 speculatrix
737 2681 794 2724 fit,
837 2681 901 2717 vix
936 2680 995 2717 vir
1058 2687 1155 2731 gitur
1187 2681 1303 2714 armis.
1378 2677 1464 2724 846.
1518 2688 1590 2712 non
1620 2674 1689 2711 erit

368 2740 496 2776 decius
513 2735 619 2772 fidem
645 2733 768 2770 faciet.
827 2736 912 2781 843.
940 2733 996 2768 de·
1066 2733 1135 2768 hoc
1168 2730 1280 2767 letum
1311 2726 1489 2778 ignobile,
1529 2739 1594 2763 nec
1626 2725 1688 2762 ha-

356 2796 465 2842 strtae
483 2795 517 2826 in
531 2790 636 2824 damis
654 2784 834 2822 venustius
849 2796 892 2820 ex
911 2783 998 2835 poe·
1065 2781 1170 2820 bebis
1189 2784 1331 2831 famam
1367 2777 1498 2822 inultae,
1534 2777 1692 2828 ignomi-

371 2843 444 2882 tica
477 2839 633 2883 ratione,
661 2850 788 2890 quain,
824 2835 862 2873 in
880 2834 1003 2872 dumis
1069 2834 1182 2878 niam,
1209 2832 1347 2872 hanon
1364 2829 1533 2873 ,morieris
1550 2830 1690 2871 inulta3

1620 2893 1692 2917 non
