1847 3313
426 301 523 350 234
626 281 681 330 P.
718 274 1118 328 VIRGILII
1182 271 1582 321 MARONIS

426 422 616 475 Haeret,
645 414 940 477 inexpletum
963 411 1231 466 lacrimans,
1253 423 1307 454 ac
1332 406 1444 455 talia
1465 405 1615 453 fatur:

430 514 480 561 O
498 509 617 558 mihi
642 504 906 570 praeteritos
928 500 1094 549 referat
1117 501 1151 548 fi
1177 498 1397 562 Juppiter
1418 496 1592 543 annos!
1643 495 1738 560 560

429 599 600 664 Qalis
633 612 778 652 eram,
813 609 965 657 quum
987 591 1197 656 primam
1215 588 1367 636 aciem
1391 587 1622 635 Praeneste
1651 585 1736 634 sub

629 686 729 750 ipsa

433 779 587 830 Stravi
610 777 945 836 scutorumque
967 770 1156 830 incendi
1179 769 1330 817 vicstor
1351 782 1538 814 acervos
1560 789 1574 821 ;

433 870 499 917 Et
523 883 684 931 regem
709 865 795 910 hac
816 861 1043 908 Herilum
1066 860 1230 907 dextra
1252 857 1336 904 sub
1360 857 1560 904 Tartara
1583 857 1718 910 mifi3

433 953 661 1004 Nascenti
681 952 758 1000 cui
784 951 864 998 tris
889 949 1070 996 animas
1095 947 1292 995 Feronia
1309 958 1466 1001 „mater
1651 945 1743 1008 564

439 1045 774 1109 (Horrendum
792 1041 944 1098 dicstu)
965 1038 1173 1094 dederat,
1188 1049 1318 1084 terna
1338 1052 1468 1083 arma
1483 1035 1713 1084 movenda
1729 1057 1742 1089 ;

436 1137 537 1185 Ter
560 1137 654 1182 leto
671 1131 941 1182 sternendus
960 1141 1083 1176 erat:
1123 1124 1201 1173 cui
1226 1139 1337 1174 tunc
1363 1138 1522 1172 tamen
1546 1122 1701 1170 omnis

438 1226 650 1278 Abstulit
691 1224 797 1270 haec
838 1221 1018 1269 animas
1063 1218 1244 1274 dextra,
1285 1228 1332 1264 et
1375 1211 1577 1262 totidem
1615 1212 1746 1260 exuit

632 1313 792 1360 armis.

439 1405 557 1453 Non
582 1417 671 1465 ego
691 1412 816 1446 nunc
839 1395 969 1442 dulci
992 1395 1216 1457 amplexu
1236 1392 1483 1440 divellerer
1505 1390 1735 1453 usquam‚'

483 1544 560 1576 559.
583 1532 737 1575 inexpletus
752 1529 902 1560 lacrimans
916 1525 1038 1567 aliquot
1063 1523 1149 1557 Pier.
1180 1530 1212 1554 et
1237 1522 1305 1554 Erf.
1350 1522 1469 1564 inpletus
1489 1522 1587 1553 Rom.
1633 1523 1669 1553 In
1685 1521 1755 1553 aliis

443 1597 496 1628 ap.
516 1583 628 1616 Heinf.
642 1582 705 1613 hoc
721 1577 951 1620 interpolatum
964 1586 973 1606 ε
1000 1575 1153 1617 inexpletus
1169 1574 1291 1604 lacrimis
1306 1584 1317 1603 .·
1339 1578 1511 1612 utrumque
1524 1582 1583 1613 pro
1594 1582 1660 1603 var.
1677 1571 1753 1604 Ιεᾶ.

442 1637 573 1669 Servius
599 1639 852 1669 commemora13
874 1629 1028 1672 inexpletus
1050 1627 1149 1659 etiam
1176 1625 1241 1668 Jul.
1268 1623 1412 1655 Sabinus.
1459 1624 1562 1654 Porro
1586 1623 1673 1654 Pier.
1698 1622 1756 1654 ali-

444 1698 546 1733 quot:
571 1691 599 1720 in
614 1686 770 1729 amplexus,
795 1693 845 1725 pr.
871 1680 958 1712 Voff.
983 1687 1015 1711 et
1036 1678 1117 1710 alter
1139 1677 1260 1709 Hamb.
1288 1679 1316 1708 in
1342 1673 1512 1719 amplexum,
1533 1682 1566 1706 et
1590 1675 1756 1707 Montalb.

444 1754 519 1775 cum
540 1739 624 1772 binis
640 1737 739 1769 Goth.
766 1738 793 1768 in
809 1734 952 1778 amplexu.
1042 1731 1118 1771 560.
1145 1732 1169 1761 0
1185 1742 1218 1761 ne
1235 1738 1379 1773 praeterea
1405 1728 1506 1759 Goth.
1528 1727 1587 1759 sec.
1677 1727 1755 1766 561.

444 1803 508 1828 erat
531 1790 678 1823 Priscian.
706 1788 814 1818 XVII.
861 1797 921 1816 cum
939 1784 1062 1828 primum
1088 1783 1186 1812 Rom.
1211 1788 1242 1811 et
1267 1780 1389 1821 aliquot
1416 1778 1498 1809 Pier.
1545 1778 1686 1820 Praemfie
1703 1777 1759 1821 st‘b

447 1848 506 1891 spsa
520 1858 530 1877 .·
554 1840 755 1875 consentiunt
772 1838 805 1869 in
821 1837 880 1868 hoc
898 1835 971 1867 libri
987 1842 1019 1866 et
1037 1832 1251 1865 Grammatici
1267 1843 1316 1873 ap.
1336 1830 1450 1862 Heins.
1495 1829 1553 1873 ipsa
1564 1829 1608 1863 sc.
1619 1829 1698 1861 urbe
1707 1831 1760 1867 P.,

448 1895 501 1926 vel
516 1897 616 1937 poeta
632 1889 746 1921 extulit
761 1890 823 1920 haec
839 1883 1171 1928 Praemssise——56z
1184 1883 1385 1926 sacrorumque
1399 1880 1458 1912 sec.
1477 1881 1601 1911 Moret.
1647 1882 1760 1913 accendi

446 1948 534 1978 Ven.
552 1952 584 1975 et
601 1941 701 1974 Goth.
718 1940 777 1971 sec.
868 1937 945 1977 563.
966 1938 1021 1967 hac
1036 1934 1120 1966 abest
1137 1933 1267 1965 Vratiss.
1303 1933 1417 1964 ,Erilum
1434 1939 1465 1962 et
1482 1932 1604 1974 Erylum
1619 1932 1762 1973 potiores

448 1998 612 2032 scribunt}
644 1994 768 2024 Erulum
793 1991 891 2022 Rom.
939 1988 1069 2025 Elinum,
1093 1987 1226 2023 Cerilum,
1246 1985 1403 2020 AcerHum,
1425 1984 1573 2021 Helenum,
1593 1984 1762 2016 Atlvericum

448 2045 659 2086 alp—‘1565-
685 2045 797 2086 triaque
813 2041 835 2073 s.
861 2042 919 2071 tria
936 2038 1068 2069 Muson.
1091 2036 1230 2067 malebat
1246 2037 1279 2066 in
1297 2034 1398 2066 Servii
1413 2033 1563 2075 gratiam,
1577 2044 1757 2076 perperam.

450 2105 528 2134 trina
542 2109 592 2142 pr.
622 2094 740 2128 Hamb.
766 2104 825 2136 pro
841 2103 909 2124 var.
928 2091 1002 2122 lesst.
1027 2097 1059 2121 et
1086 2089 1171 2120 Flor.
1190 2090 1280 2131 Junt.
1299 2097 1371 2118 cum
1388 2086 1471 2117 binis
1493 2085 1593 2117 Goth.
1680 2087 1759 2128 566,

450 2155 566 2195 Terque
578 2149 635 2192 fhlo
661 2146 800 2178 Oudart.
892 2142 971 2182 567.
991 2144 1113 2179 animm,
1129 2141 1239 2171 totidem
1254 2140 1358 2170 dextra
1372 2140 1460 2183 cxsuit
1473 2147 1525 2180 pr.
1543 2138 1675 2169 Mentel.

452 2205 530 2246 568.
555 2212 620 2234 tunc
639 2197 777 2230 Dorvill.
824 2198 905 2238 Ergo
921 2207 970 2226 non
983 2195 1014 2226 d.
1036 2193 1136 2224 Goth.
1151 2192 1212 2224 sec.
1253 2191 1360 2235 duplici
1376 2192 1483 2233 Sprot.
1529 2189 1686 2222 devellerer
1699 2198 1765 2223 tres

453 2259 565 2290 Burm.
586 2261 659 2283 cum
675 2249 744 2280 Erf.
785 2247 918 2280 divellier
933 2244 1033 2276 Goth.
1049 2251 1124 2276 tert.

455 2364 494 2401 in
509 2361 680 2400 ultimum
693 2359 888 2398 discrimen
901 2355 1078 2394 adduffis.
1146 2355 1289 2393 Feronia
1330 2366 1369 2390 v.
1412 2352 1490 2404 sup.
1534 2350 1628 2396 VII,
1673 2355 1762 2390 800.

456 2417 512 2453 At
545 2414 584 2451 h.
620 2414 646 2451 1.
681 2410 933 2462 accipiendum
969 2409 1078 2445 esset:
1143 2417 1240 2444 terna
1255 2419 1354 2443 arma
1371 2404 1550 2448 movenda,
1577 2413 1617 2440 ut
1635 2412 1688 2440 ter
1713 2414 1767 2438 re-

456 2474 555 2505 tineor
578 2470 604 2502 it
626 2470 772 2515 propius,
805 2462 915 2499 timor
939 2460 979 2496 fit
998 2472 1081 2509 pro·
1146 2457 1323 2494 viviscens
1350 2466 1402 2493 ter
1433 2455 1631 2500 rebellaret,
1657 2454 1766 2491 adeo-

458 2518 555 2571 pior,
581 2518 621 2554 h.
653 2514 767 2566 magis
797 2512 916 2554 instat,
947 2512 985 2549 fit
1001 2523 1083 2560 gra·
1147 2522 1216 2560 que
1234 2518 1287 2546 ter
1304 2507 1386 2545 esset
1415 2506 1628 2545 vincendus.
1683 2503 1766 2542 Nifi

456 2570 554 2612 vior,
581 2566 712 2610 acrior,
732 2564 869 2616 periclo,
887 2576 970 2600 cum
988 2561 1080 2612 peri-
1145 2560 1239 2597 forte
1257 2559 1384 2597 melius
1402 2558 1449 2595 fic
1477 2557 1706 2608 interpungas
1730 2564 1768 2594 et

456 2622 558 2666 culo,
583 2618 746 2671 periculo
778 2616 940 2653 instante.
993 2612 1080 2649 Hoc
1145 2611 1326 2661 accipias:
1353 2611 1512 2661 Ncgfcenti
1533 2614 1587 2647 cui
1615 2615 1675 2647 tris
1691 2612 1770 2646 ani·

458 2686 544 2713 vero
571 2673 717 2709 durum.
743 2667 822 2705 vid.
854 2665 944 2703 Var.
977 2663 1081 2702 Leez.
1147 2664 1428 2701 mas—dederat:
1456 2672 1555 2698 terna
1580 2676 1679 2698 arma
1702 2675 1770 2696 mo-

460 2726 550 2777 561.
578 2733 618 2760 ut
635 2722 699 2759 fim
729 2719 824 2764 talis,
855 2716 964 2769 qualis
990 2732 1082 2753 eram
1146 2716 1276 2759 venda,
1294 2712 1562 2763 Tersternendus
1578 2723 1665 2751 erat.
1702 2712 1772 2748 Cui

458 2790 531 2815 etc.
583 2774 649 2814 ἔθ’
666 2776 705 2812 ὣς
731 2774 870 2816 ἡβώοιμι
894 2768 1026 2818 Nestqr
1053 2768 1078 2805 l.
1146 2777 1223 2804 tunc
1248 2777 1277 2805 t.
1329 2765 1418 2803 Erat
1435 2774 1487 2803 ter
1504 2776 1587 2801 cum
1607 2775 1651 2800 eo
1677 2775 1771 2813 pug-

459 2842 497 2870 ς.
538 2846 573 2871 η,
623 2838 708 2877 157·
761 2836 800 2871 λ,
835 2821 926 2874 669.
992 2819 1078 2872 564.
1141 2817 1318 2862 nandum,
1364 2826 1420 2856 ter
1465 2828 1562 2856 arma
1603 2814 1642 2851 in
1684 2825 1769 2901 egm

1577 2877 1703 2907 moven
1732 2876 1768 2909 a,
