1847 3313
342 230 441 294 604
596 229 892 280 EXCURS.
928 229 978 277 11
1012 228 1110 277 AD
1144 227 1271 277 ΠΒ.
1306 229 1401 280 XI.

343 377 513 421 ducrum,
529 376 568 415 in
585 375 744 426 Lyciam
763 372 984 416 abducatur,
1001 371 1040 410 id
1053 371 1126 409 hoc
1141 371 1227 410 10co
1243 370 1370 409 Diana
1379 368 1580 410 curandum
1596 364 1666 405 fib?

344 439 464 478 sumit.
519 436 691 475 Mittitur
709 434 822 487 Opis,
839 432 974 472 Dianae
992 445 1083 470 arcu
1096 431 1280 474 instrufita,
1301 442 1340 469 ut
1354 430 1524 470 Caminae
1541 428 1661 469 inter-

343 510 527 539 emtorem
563 496 752 536 conficiat.
821 494 892 532 Illa
925 495 1109 532 Aruntem
1127 493 1227 531 caede
1247 491 1416 530 Camillae
1432 493 1662 530 exultantem

343 561 481 613 sagitta
500 557 701 609 transfigit,
732 555 926 605 statimque
947 554 994 591 ad
1016 554 1224 603 Olympum
1243 553 1383 596 evolat,
1401 566 1438 590 v.
1459 551 1548 600 863.
1569 551 1660 600 867.

345 623 439 661 Erat
458 631 598 662 tamen,
616 626 815 667 antequam
833 613 1052 656 discederet,
1079 626 1214 663 corpus
1234 624 1370 662 pugnae
1388 609 1660 648 subducendum

343 693 384 723 et
414 681 454 719 in
477 678 636 730 patriam
656 673 946 727 deportandum,
976 672 1074 723 quod
1102 672 1180 722 ipsa
1198 670 1269 708 dea
1283 669 1503 720 promiserat
1520 670 1556 708 se
1583 669 1660 708 fac-

344 752 468 782 turam
487 754 523 778 v.
555 752 644 791 5932
660 749 757 788 ¹594,
784 748 830 773 ne
843 734 1060 786 spoliaretur
1073 741 1133 769 aut
1151 739 1396 768 truncaretur.
1452 729 1571 780 Atqui
1589 729 1662 768 hoc

343 805 458 854 poeita
476 813 549 838 non
569 796 721 850 attigit:
762 794 803 832 in
829 807 902 845 quo
921 791 1086 831 excusari
1110 791 1207 829 forte
1229 790 1346 840 potest
1359 803 1372 834 3
1399 788 1446 827 ad
1464 789 1662 832 artificium

345 873 471 901 tamen
503 863 624 910 pokitae
655 856 794 894 referre
826 855 924 892 hunc
952 853 1134 890 defeftum
1155 849 1268 888 nolim
1296 862 1380 886 cum
1401 847 1531 885 Servio
1549 848 1595 885 ad
1622 863 1663 886 v.

349 937 444 977 593.
495 920 553 959 Ut
581 928 706 957 autem
725 917 804 954 haec
829 913 992 952 narratio
1015 913 1087 950 vim
1107 911 1153 949 ad
1172 910 1313 949 animos
1331 909 1579 947 advertendos
1593 909 1663 947 ha-

345 985 449 1027 beat,
470 979 679 1033 ponendum
699 978 764 1021 est,
800 975 900 1014 fuiffe
918 973 1015 1025 apud
1033 972 1190 1012 Volscos
1215 980 1320 1008 vetus
1336 969 1503 1007 Camillae
1527 982 1662 1007 monu-

345 1055 539 1083 mentum:
583 1039 638 1078 uti
667 1037 888 1089 Sarpedonis
906 1035 944 1073 in
965 1033 1085 1085 Lyc-ia
1104 1032 1311 1071 habebatur
1339 1030 1560 1080 sepulcrum,
1588 1042 1665 1081 quo

347 1106 512 1144 delatum
528 1101 604 1150 ejus
621 1112 755 1150 corpus
769 1098 958 1135 Homerus
973 1106 1122 1132 narrare
1136 1091 1256 1131 voluit
1273 1090 1382 1128 Iliad.
1409 1107 1451 1134 π,
1479 1103 1524 1142 45
1533 1104 1552 1141 3
1582 1090 1662 1142 sqq,

348 1168 537 1205 Caeterum
551 1175 597 1199 ex
613 1157 775 1197 Camilla
795 1155 1015 1196 Clorindam
1033 1153 1134 1191 Taffi
1155 1163 1345 1201 tamquam
1361 1151 1572 1201 exemplum
1592 1152 1663 1190 effe

347 1225 552 1277 expressam
571 1220 654 1266 satis
673 1218 825 1258 constat.
853 1215 933 1256 vid.
961 1212 1133 1263 Gierzfid.
1165 1211 1231 1250 lib.
1266 1211 1380 1249 Canto
1396 1210 1497 1254 XII,
1524 1213 1580 1250 St.
1611 1223 1661 1250 20

333 1294 418 1348 sst-
