1847 3313
653 259 944 328 [175]

145 486 588 567 AENEIDOS‚
663 487 935 552 LIBER
985 480 1448 550 OCTAVUS.

143 700 256 775 UT
281 717 396 764 belli
421 718 609 780 signum
635 715 861 762 Laurenti
886 714 1076 762 Turnus
1099 713 1159 761 ab
1183 729 1290 761 arce

144 808 350 865 Extulit,
384 819 431 854 et
453 822 594 853 rauco
618 807 911 868 strepuerunt
934 819 1110 851 cornua
1129 816 1269 851 cantu
1283 827 1296 858 ;

146 903 312 964 thue
334 899 455 948 arcis
475 897 701 946 concuffit
721 912 882 959 equos,
919 907 1063 959 utque
1085 894 1259 958 inpulit
1280 910 1407 940 arma
1421 910 1436 941 ε

191 1040 222 1065 1.
249 1032 292 1063 At
309 1029 437 1062 Zulich.
455 1038 488 1062 et
503 1030 572 1063 Erf.
591 1041 610 1061 a
625 1040 674 1072 pr.
689 1039 735 1062 m.
765 1029 882 1071 signnm
893 1027 956 1058 belli
966 1036 1016 1069 pr.
1033 1025 1154 1057 Hamb.

145 1081 239 1116 Leid.
271 1083 439 1127 stupuerunt
454 1083 556 1115 Goth.
573 1082 633 1115 see.

203 1207 236 1231 1.
280 1191 383 1229 Mira
418 1205 470 1230 res
498 1190 616 1229 videri
646 1191 769 1234 debet,

152 1244 477 1295 potuiffeTurnum
490 1243 529 1280 in
543 1243 658 1280 aliena
672 1243 771 1293 regia

148 1297 285 1334 bellum
303 1296 473 1332 instruere
490 1304 527 1331 et
558 1294 681 1344 copias
707 1307 770 1344 pa-

151 1361 243 1384 rare.
297 1347 407 1383 Talia
437 1346 719 1382 animadvertere
735 1355 770 1382 et

148 1403 296 1450 poetam
310 1397 561 1448 reprehendere
575 1397 612 1433 in
624 1406 771 1447 promtu

150 1451 212 1488 est.
268 1450 338 1486 Sed
355 1453 466 1499 po'e'ta
482 1448 529 1485 ad
539 1448 671 1499 priscas
689 1458 772 1485 aeta-

153 1511 207 1539 tes
224 1501 362 1551 singula
378 1512 593 1550 componere
616 1509 651 1536 et
668 1500 773 1536 ador-

142 1564 246 1591 ·nare
259 1551 400 1596 debuit,
425 1564 497 1588 non
510 1550 557 1587 ad
574 1550 633 1587 sua
650 1564 715 1588 nec
730 1550 776 1587 ad

156 1606 274 1642 nostra
289 1614 463 1652 tempora.
516 1602 562 1638 In
577 1602 693 1653 regnis
705 1602 778 1639 istis

152 1655 296 1706 antiqui
315 1655 382 1691 aevi
399 1654 536 1691 summa
567 1667 684 1691 rerum
702 1663 778 1690 erat

154 1709 252 1758 apud
269 1706 446 1757 populum
461 1719 469 1742 ε
497 1705 640 1755 ejusque
651 1705 776 1742 volun·

156 1769 268 1797 tatem
298 1757 356 1793 seu
375 1756 549 1807 impeturn
565 1754 778 1805 exsequeba-

158 1821 217 1848 tur
230 1822 304 1847 rex.
358 1809 497 1845 Bellum
511 1807 673 1845 adversus
684 1808 779 1844 Tro-

153 1863 259 1912 janos
277 1859 391 1911 plebis
421 1859 544 1897 studiis
577 1858 779 1909 susceptum

158 1923 250 1957 erat,
277 1911 451 1948 renitente
469 1911 594 1947 frustra
618 1909 780 1958 Latin03

155 1964 389 2013 tandemque,
407 1962 504 2013 quod
521 1961 706 1999 senectutis
723 1962 779 1998 in-

157 2016 307 2054 firmitas
324 2025 360 2051 et
377 2014 534 2052 solitudo
551 2013 695 2050 suadere
717 2026 781 2063 po-

158 2077 263 2110 terat,
291 2078 411 2103 rerum
442 2068 614 2103 lummam
639 2064 780 2114 prorsus

158 2117 402 2167 derelinquit:
431 2118 502 2155 Nee
510 2117 613 2167 plura
631 2117 781 2166 loquutus

160 2171 265 2220 Sepfit
280 2174 321 2219 se
352 2175 442 2206 tenvis
461 2182 631 2219 rerumque
648 2168 782 2218 relt‘quit

160 2222 310 2259 habenas
327 2219 422 2263 VII,
434 2223 525 2264 600,
549 2229 599 2263 et,
626 2232 708 2256 cum
723 2219 783 2267 Ja-

163 2287 228 2310 nus
261 2272 342 2309 effet
377 2271 595 2314 reserandus,
633 2271 784 2307 Latinus

155 2326 264 2376 soeda
282 2327 407 2374 refugit
436 2325 613 2372 min-steria
633 2333 664 2359 et
690 2329 785 2359 caecis

144 2381 190 2427 ,se
207 2377 345 2414 condidit
361 2375 498 2412 umbris.
550 2374 674 2425 Itaque
685 2375 785 2411 Tur-

164 2442 230 2465 nus
247 2426 434 2463 succedere
451 2425 490 2462 in
517 2437 633 2476 partes
661 2425 787 2462 Latini

163 2478 291 2516 debuit
309 2491 317 2514 :
348 2491 419 2528 quo
433 2478 580 2514 assumto
597 2477 636 2514 in
656 2476 787 2514 carmi-

167 2531 222 2568 nis
239 2539 489 2580 argumentum
513 2529 633 2566 nastus
659 2529 706 2566 est
724 2528 786 2565 he-

165 2585 286 2626 ro'effl,
312 2593 417 2630 quem
444 2590 586 2618 ornaret
599 2584 724 2630 poeta,
751 2590 787 2617 et

167 2645 272 2683 quem
302 2632 425 2670 AEneae
450 2641 659 2682 opponeret.
715 2632 788 2668 Sed

169 2684 390 2734 principium
422 2684 507 2722 libri
530 2697 655 2734 parum
675 2683 787 2733 splen-

168 2736 253 2773 dere
282 2734 372 2772 mihi
397 2735 560 2779 videtur3
607 2748 670 2772 nec
689 2735 789 2772 aliud

169 2786 365 2836 quicquam
382 2787 444 2831 est,
470 2800 578 2838 quam
597 2785 712 2824 otiosa
738 2799 790 2823 re-

170 2838 301 2889 petitio
319 2851 458 2882 eorum,
501 2852 579 2889 quae
596 2839 670 2889 jam
708 2838 791 2876 satis

1243 1033 1274 1056 2.
1296 1029 1457 1066 crepuerunss

725 1091 758 1122 3.
779 1082 873 1122 Atque
887 1093 915 1113 a.
930 1078 1030 1111 Goth.
1050 1084 1128 1111 tert.
1173 1077 1287 1120 concfft
1303 1087 1352 1119 pr.

834 1201 880 1225 ex
903 1188 998 1226 libro
1026 1187 1207 1238 superiore
1238 1184 1463 1224 constabant.

835 1239 1002 1277 Debebat
1020 1244 1127 1290 po'eta
1145 1238 1336 1290 procedere
1347 1249 1365 1272 a
1383 1249 1419 1272 v.
1434 1248 1463 1285 9

833 1292 991 1329 Mittitur
1014 1302 1046 1328 et
1073 1298 1191 1343 magni
1209 1292 1243 1326 V
1240 1289 1352 1327 mulus
1368 1288 1456 1323 Dio-

834 1345 935 1381 medis
952 1345 1003 1381 ad
1011 1341 1135 1380 urbem.
1173 1341 1217 1378 In
1233 1340 1320 1378 belli
1338 1339 1454 1389 figno,

835 1394 986 1439 vexillo,
1012 1407 1057 1431 ex
1075 1407 1155 1431 arce
1167 1391 1368 1444 prodendo,
1385 1390 1461 1426 Ro-

838 1459 1027 1483 manorum
1060 1458 1198 1482 morem
1243 1441 1464 1481 adumbrasse

839 1497 958 1534 videri
977 1498 1105 1548 potest,
1133 1497 1198 1547 qui
1230 1497 1268 1534 in
1297 1493 1460 1532 comitiis

840 1547 1006 1598 superstes
1019 1548 1160 1593 mansit,
1186 1556 1227 1585 ut
1240 1547 1413 1584 vexillum
1425 1544 1466 1581 in

842 1612 922 1636 arce
940 1600 1146 1646 tolleretur3
1173 1599 1233 1636 sed
1250 1606 1338 1648 puto
1357 1610 1466 1647 argu-

843 1650 913 1688 tius
939 1651 1008 1689 hoc
1031 1665 1140 1701 quam
1159 1664 1240 1688 vere
1258 1647 1348 1687 dici.
1389 1651 1466 1700 fig·-

843 1718 920 1739 uum
936 1712 1024 1753 puto
1039 1715 1101 1753 per
1113 1702 1189 1753 ipsa
1202 1702 1263 1739 illa
1276 1715 1397 1738 cornua
1412 1699 1466 1736 vs,

840 1754 903 1790 alt.
922 1754 1109 1804 explicari.
1166 1754 1228 1791 Sic
1261 1752 1338 1802 sup.
1370 1750 1465 1793 VII,

843 1817 916 1855 512
935 1805 1108 1856 Pastorale
1125 1812 1216 1843 canit
1230 1805 1368 1854 signum
1395 1818 1465 1840 cor-

841 1872 947 1908 nuque
965 1872 1101 1895 recurvo
1124 1857 1330 1895 Tartaream
1357 1860 1465 1892 inten-

840 1910 891 1945 dit
905 1923 1028 1947 vocem.

897 1972 932 2008 3.
960 1958 1266 2010 Simpliciffimum
1283 1958 1330 1996 est
1346 1958 1392 1995 de
1405 1971 1466 2008 ap-

845 2021 970 2062 paratu
998 2010 1131 2048 bellico
1164 2010 1352 2061 accipere:
1398 2009 1462 2047 ubi

845 2064 992 2100 Turnus
1009 2075 1118 2112 equos
1135 2072 1172 2099 et
1201 2075 1300 2099 arma
1327 2061 1469 2099 excita-

843 2114 914 2159 vit,
941 2115 1109 2165 protulit,
1134 2113 1174 2151 in
1192 2113 1351 2151 medium
1384 2126 1467 2163 pron

846 2165 952 2203 duxit
969 2179 978 2202 :
1019 2166 1201 2216 extemplo
1241 2174 1360 2202 totum
1396 2165 1467 2201 La-

847 2217 941 2254 tium
961 2216 1006 2254 ad
1033 2217 1168 2254 bellum
1195 2217 1242 2253 est
1269 2215 1469 2253 inflamma«

848 2277 940 2306 tum.
993 2268 1091 2305 Nam
1097 2267 1206 2318 stmul
1220 2268 1336 2319 snnpl.
1348 2269 1396 2305 est
1410 2281 1471 2305 co-

849 2320 947 2370 pula.
998 2320 1156 2368 conczfft‚
1183 2319 1382 2356 concitavit
1407 2320 1472 2356 ad-

850 2373 921 2409 huc
955 2372 1101 2409 otiosos.
1153 2371 1296 2421 impulit,
1339 2371 1472 2416 movit„

851 2423 1011 2473 adeoque
1029 2436 1135 2461 manu
1153 2422 1318 2460 tractavit
1336 2432 1371 2459 et
1392 2435 1473 2472 pre·⁴

852 2475 950 2513 tulit.
1005 2475 1104 2512 Nam
1121 2473 1283 2523 impellere
1307 2489 1408 2512 arma
1425 2474 1472 2511 de

851 2526 1067 2576 percussione
1095 2526 1292 2576 clipeorum
1310 2526 1473 2576 accipere

851 2578 983 2615 durum
1007 2578 1073 2615 effe
1100 2577 1269 2615 arbitror.
1328 2577 1473 2614 Servius.

851 2640 971 2666 autem
988 2641 1053 2680 pro
1071 2642 1169 2666 more
1186 2629 1249 2665 suo
1267 2638 1470 2678 argutatur‚

851 2681 940 2717 dum
958 2684 1002 2717 ad
1022 2680 1156 2718 ancilia
1178 2679 1399 2717 commoveri
1417 2679 1474 2717 so-

853 2733 919 2770 lita
939 2732 1066 2776 refert;
1096 2745 1160 2769 nec
1178 2747 1277 2769 arma
1289 2743 1356 2782 pro
1372 2730 1476 2781 pedi«

856 2784 952 2821 tibus
971 2784 1006 2822 h.
1026 2785 1051 2822 l.
1079 2783 1156 2821 dici
1174 2783 1266 2832 posse
1292 2782 1472 2819 videntur.

858 2835 916 2874 De
940 2835 1086 2886 Mffzpo
1115 2834 1236 2885 copias
1259 2846 1302 2873 ex
1321 2833 1475 2871 Etruriae

1332 2885 1479 2923 urbib-ui
