<?xml version="1.0" encoding="UTF-8"?>
<!DOCTYPE html PUBLIC "-//W3C//DTD XHTML 1.0 Transitional//EN"
    "http://www.w3.org/TR/xhtml1/DTD/xhtml1-transitional.dtd">
<html xmlns="http://www.w3.org/1999/xhtml" xml:lang="en" lang="en">
 <head>
  <title>
</title>
<meta http-equiv="Content-Type" content="text/html;charset=utf-8" />
  <meta name='ocr-system' content='tesseract 3.04.00' />
  <meta name='ocr-capabilities' content='ocr_page ocr_carea ocr_par ocr_line ocrx_word'/>
</head>
<body>
  <div class='ocr_page' id='page_1' title='image "./operavarietatele03virguoft_0239.png"; bbox 0 0 1847 3313; ppageno 0'>
   <div class='ocr_carea' id='block_1_1' title="bbox 315 315 1389 388">
    <p class='ocr_par' dir='ltr' id='par_1_1' title="bbox 315 315 1389 388">
     <span class='ocr_line' id='line_1_1' title="bbox 315 315 1389 388; baseline -0.01 -11"><span class='ocrx_word' id='word_1_1' title='bbox 315 319 733 382; x_wconf 75' lang='lat' dir='ltr'><strong>AEN-Emos,</strong></span> <span class='ocrx_word' id='word_1_2' title='bbox 784 318 946 388; x_wconf 56' lang='grc' dir='ltr'><strong>ΜΒ,</strong></span> <span class='ocrx_word' id='word_1_3' title='bbox 979 315 1114 369; x_wconf 84' lang='lat' dir='ltr'><strong>vm.</strong></span> <span class='ocrx_word' id='word_1_4' title='bbox 1302 331 1389 382; x_wconf 71' lang='lat'><strong>225</strong></span> 
     </span>
    </p>
   </div>
   <div class='ocr_carea' id='block_1_2' title="bbox 90 450 1396 702">
    <p class='ocr_par' dir='ltr' id='par_1_2' title="bbox 90 450 1396 702">
     <span class='ocr_line' id='line_1_2' title="bbox 91 450 1363 523; baseline -0.007 -18"><span class='ocrx_word' id='word_1_5' title='bbox 91 451 237 506; x_wconf 81' lang='lat' dir='ltr'><strong>Haud</strong></span> <span class='ocrx_word' id='word_1_6' title='bbox 260 461 426 523; x_wconf 85' lang='lat' dir='ltr'><strong>procul</strong></span> <span class='ocrx_word' id='word_1_7' title='bbox 452 460 561 507; x_wconf 86' lang='lat' dir='ltr'><strong>hinc</strong></span> <span class='ocrx_word' id='word_1_8' title='bbox 585 459 693 506; x_wconf 82' lang='lat' dir='ltr'><strong>saxo</strong></span> <span class='ocrx_word' id='word_1_9' title='bbox 717 457 944 504; x_wconf 79' lang='lat' dir='ltr'>incolitur</span> <span class='ocrx_word' id='word_1_10' title='bbox 968 454 1162 502; x_wconf 79' lang='lat' dir='ltr'><strong>fundata</strong></span> <span class='ocrx_word' id='word_1_11' title='bbox 1182 450 1363 498; x_wconf 81' lang='lat' dir='ltr'><strong>vetusto</strong></span> 
     </span>
     <span class='ocr_line' id='line_1_3' title="bbox 91 543 1244 613; baseline -0.005 -19"><span class='ocrx_word' id='word_1_12' title='bbox 91 543 239 595; x_wconf 81' lang='lat' dir='ltr'><strong>Urbis</strong></span> <span class='ocrx_word' id='word_1_13' title='bbox 266 550 504 613; x_wconf 73' lang='lat' dir='ltr'><strong>Agyllinae</strong></span> <span class='ocrx_word' id='word_1_14' title='bbox 531 550 685 596; x_wconf 86' lang='lat' dir='ltr'><strong>sedes:</strong></span> <span class='ocrx_word' id='word_1_15' title='bbox 722 547 803 594; x_wconf 87' lang='lat' dir='ltr'><strong>ubi</strong></span> <span class='ocrx_word' id='word_1_16' title='bbox 828 545 979 607; x_wconf 79' lang='lat' dir='ltr'><strong>Lydia</strong></span> <span class='ocrx_word' id='word_1_17' title='bbox 1002 543 1244 606; x_wconf 85' lang='lat' dir='ltr'><strong>quondam</strong></span> 
     </span>
     <span class='ocr_line' id='line_1_4' title="bbox 90 633 1396 702; baseline -0.005 -19"><span class='ocrx_word' id='word_1_18' title='bbox 90 635 236 694; x_wconf 82' lang='lat' dir='ltr'>Gens,</span> <span class='ocrx_word' id='word_1_19' title='bbox 260 638 388 685; x_wconf 87' lang='lat' dir='ltr'><strong>bello</strong></span> <span class='ocrx_word' id='word_1_20' title='bbox 407 639 647 702; x_wconf 65' lang='lat' dir='ltr'><strong>praeclara,</strong></span> <span class='ocrx_word' id='word_1_21' title='bbox 665 638 795 701; x_wconf 80' lang='lat' dir='ltr'><strong>jugis</strong></span> <span class='ocrx_word' id='word_1_22' title='bbox 822 634 989 681; x_wconf 76' lang='lat' dir='ltr'><strong>insedit</strong></span> <span class='ocrx_word' id='word_1_23' title='bbox 1005 633 1230 679; x_wconf 76' lang='lat' dir='ltr'>Etruscis,</span> <span class='ocrx_word' id='word_1_24' title='bbox 1300 634 1396 690; x_wconf 74' lang='lat'><strong>480</strong></span> 
     </span>
    </p>
   </div>
   <div class='ocr_carea' id='block_1_3' title="bbox 22 719 1362 784">
    <p class='ocr_par' dir='ltr' id='par_1_3' title="bbox 22 719 1362 784">
     <span class='ocr_line' id='line_1_5' title="bbox 22 719 1362 784; baseline -0.007 -10"><span class='ocrx_word' id='word_1_25' title='bbox 22 727 24 731; x_wconf 79' lang='grc'><strong>’</strong></span> <span class='ocrx_word' id='word_1_26' title='bbox 90 727 234 774; x_wconf 80' lang='lat' dir='ltr'><strong>Hanc</strong></span> <span class='ocrx_word' id='word_1_27' title='bbox 255 729 431 776; x_wconf 90' lang='lat' dir='ltr'><strong>multos</strong></span> <span class='ocrx_word' id='word_1_28' title='bbox 449 730 693 775; x_wconf 83' lang='lat' dir='ltr'><strong>florentem</strong></span> <span class='ocrx_word' id='word_1_29' title='bbox 718 742 863 773; x_wconf 87' lang='lat' dir='ltr'><strong>annos</strong></span> <span class='ocrx_word' id='word_1_30' title='bbox 882 741 960 771; x_wconf 82' lang='lat' dir='ltr'><strong>rex</strong></span> <span class='ocrx_word' id='word_1_31' title='bbox 976 724 1146 771; x_wconf 88' lang='lat' dir='ltr'><strong>deinde</strong></span> <span class='ocrx_word' id='word_1_32' title='bbox 1162 719 1362 784; x_wconf 84' lang='lat' dir='ltr'><strong>superbo</strong></span> 
     </span>
    </p>
   </div>
   <div class='ocr_carea' id='block_1_4' title="bbox 88 812 1400 1689">
    <p class='ocr_par' dir='ltr' id='par_1_4' title="bbox 88 812 1167 880">
     <span class='ocr_line' id='line_1_6' title="bbox 88 812 1167 880; baseline -0.006 -17"><span class='ocrx_word' id='word_1_33' title='bbox 88 816 303 880; x_wconf 86' lang='lat' dir='ltr'><strong>Imperio</strong></span> <span class='ocrx_word' id='word_1_34' title='bbox 329 831 374 866; x_wconf 88' lang='lat' dir='ltr'><strong>et</strong></span> <span class='ocrx_word' id='word_1_35' title='bbox 397 819 530 866; x_wconf 86' lang='lat' dir='ltr'><strong>saevis</strong></span> <span class='ocrx_word' id='word_1_36' title='bbox 549 818 702 865; x_wconf 87' lang='lat' dir='ltr'><strong>tenuit</strong></span> <span class='ocrx_word' id='word_1_37' title='bbox 720 814 989 863; x_wconf 74' lang='lat' dir='ltr'><strong>Mezentius</strong></span> <span class='ocrx_word' id='word_1_38' title='bbox 1008 812 1167 859; x_wconf 85' lang='lat' dir='ltr'><strong>armis.</strong></span> 
     </span>
    </p>

    <p class='ocr_par' dir='ltr' id='par_1_5' title="bbox 89 902 1398 1423">
     <span class='ocr_line' id='line_1_7' title="bbox 90 902 1393 972; baseline -0.005 -17"><span class='ocrx_word' id='word_1_39' title='bbox 90 908 221 972; x_wconf 82' lang='lat' dir='ltr'><strong>Qid</strong></span> <span class='ocrx_word' id='word_1_40' title='bbox 236 923 496 957; x_wconf 83' lang='lat' dir='ltr'><strong>memore-m</strong></span> <span class='ocrx_word' id='word_1_41' title='bbox 514 910 726 956; x_wconf 76' lang='lat' dir='ltr'><strong>infandas</strong></span> <span class='ocrx_word' id='word_1_42' title='bbox 743 906 919 953; x_wconf 83' lang='lat' dir='ltr'><strong>eaedes:</strong></span> <span class='ocrx_word' id='word_1_43' title='bbox 947 905 1061 967; x_wconf 84' lang='lat' dir='ltr'><strong>quid</strong></span> <span class='ocrx_word' id='word_1_44' title='bbox 1075 903 1193 949; x_wconf 63' lang='lat' dir='ltr'><strong>faeta</strong></span> <span class='ocrx_word' id='word_1_45' title='bbox 1207 902 1393 965; x_wconf 77' lang='lat' dir='ltr'>tyranni</span> 
     </span>
     <span class='ocr_line' id='line_1_8' title="bbox 89 993 1294 1064; baseline -0.006 -19"><span class='ocrx_word' id='word_1_46' title='bbox 89 997 277 1045; x_wconf 82' lang='lat' dir='ltr'><strong>Effera!</strong></span> <span class='ocrx_word' id='word_1_47' title='bbox 314 999 370 1046; x_wconf 91' lang='lat' dir='ltr'><strong>dI</strong></span> <span class='ocrx_word' id='word_1_48' title='bbox 400 1001 548 1064; x_wconf 87' lang='lat' dir='ltr'><strong>capiti</strong></span> <span class='ocrx_word' id='word_1_49' title='bbox 586 1000 726 1063; x_wconf 73' lang='lat' dir='ltr'><strong>ipsius</strong></span> <span class='ocrx_word' id='word_1_50' title='bbox 750 996 1004 1061; x_wconf 78' lang='lat' dir='ltr'><strong>generique</strong></span> <span class='ocrx_word' id='word_1_51' title='bbox 1031 993 1294 1041; x_wconf 76' lang='lat' dir='ltr'><strong>reservent!</strong></span> 
     </span>
     <span class='ocr_line' id='line_1_9' title="bbox 90 1086 1392 1154; baseline -0.005 -19"><span class='ocrx_word' id='word_1_52' title='bbox 90 1088 285 1136; x_wconf 77' lang='lat' dir='ltr'><strong>Mortua</strong></span> <span class='ocrx_word' id='word_1_53' title='bbox 307 1091 423 1153; x_wconf 89' lang='lat' dir='ltr'><strong>quin</strong></span> <span class='ocrx_word' id='word_1_54' title='bbox 441 1092 583 1138; x_wconf 81' lang='lat' dir='ltr'><strong>etiarn</strong></span> <span class='ocrx_word' id='word_1_55' title='bbox 602 1091 836 1154; x_wconf 82' lang='lat' dir='ltr'><strong>jun-gebat</strong></span> <span class='ocrx_word' id='word_1_56' title='bbox 854 1103 1052 1150; x_wconf 79' lang='lat' dir='ltr'><strong>corpora</strong></span> <span class='ocrx_word' id='word_1_57' title='bbox 1076 1086 1210 1141; x_wconf 87' lang='lat' dir='ltr'><strong>vivis,</strong></span> <span class='ocrx_word' id='word_1_58' title='bbox 1302 1088 1392 1146; x_wconf 79' lang='lat'><strong>485</strong></span> 
     </span>
     <span class='ocr_line' id='line_1_10' title="bbox 92 1177 1398 1245; baseline -0.004 -19"><span class='ocrx_word' id='word_1_59' title='bbox 92 1179 395 1242; x_wconf 86' lang='lat' dir='ltr'><strong>Componens</strong></span> <span class='ocrx_word' id='word_1_60' title='bbox 421 1181 729 1245; x_wconf 83' lang='lat' dir='ltr'><strong>manibusque</strong></span> <span class='ocrx_word' id='word_1_61' title='bbox 755 1197 938 1237; x_wconf 85' lang='lat' dir='ltr'><strong>manus,</strong></span> <span class='ocrx_word' id='word_1_62' title='bbox 959 1192 1101 1242; x_wconf 78' lang='lat' dir='ltr'><strong>atque</strong></span> <span class='ocrx_word' id='word_1_63' title='bbox 1125 1177 1285 1224; x_wconf 85' lang='lat' dir='ltr'><strong>oribus</strong></span> <span class='ocrx_word' id='word_1_64' title='bbox 1302 1193 1398 1232; x_wconf 83' lang='lat' dir='ltr'><strong>ora,</strong></span> 
     </span>
     <span class='ocr_line' id='line_1_11' title="bbox 93 1268 1194 1331; baseline -0.002 -17"><span class='ocrx_word' id='word_1_65' title='bbox 93 1268 365 1330; x_wconf 86' lang='lat' dir='ltr'><strong>(Tormenti</strong></span> <span class='ocrx_word' id='word_1_66' title='bbox 382 1273 552 1331; x_wconf 85' lang='lat' dir='ltr'><strong>genus)</strong></span> <span class='ocrx_word' id='word_1_67' title='bbox 581 1284 625 1317; x_wconf 92' lang='lat' dir='ltr'><strong>et</strong></span> <span class='ocrx_word' id='word_1_68' title='bbox 644 1271 766 1316; x_wconf 84' lang='lat' dir='ltr'><strong>sanie</strong></span> <span class='ocrx_word' id='word_1_69' title='bbox 783 1270 988 1331; x_wconf 83' lang='lat' dir='ltr'><strong>taboque</strong></span> <span class='ocrx_word' id='word_1_70' title='bbox 1005 1269 1194 1314; x_wconf 82' lang='lat' dir='ltr'><strong>fluentis</strong></span> 
     </span>
     <span class='ocr_line' id='line_1_12' title="bbox 89 1358 1248 1423; baseline 0.002 -19"><span class='ocrx_word' id='word_1_71' title='bbox 89 1358 338 1422; x_wconf 86' lang='lat' dir='ltr'><strong>Conplexu</strong></span> <span class='ocrx_word' id='word_1_72' title='bbox 357 1359 403 1404; x_wconf 93' lang='lat' dir='ltr'><strong>in</strong></span> <span class='ocrx_word' id='word_1_73' title='bbox 425 1358 594 1406; x_wconf 89' lang='lat' dir='ltr'><strong>misero</strong></span> <span class='ocrx_word' id='word_1_74' title='bbox 609 1362 751 1423; x_wconf 75' lang='lat' dir='ltr'><strong>longa</strong></span> <span class='ocrx_word' id='word_1_75' title='bbox 774 1363 835 1407; x_wconf 84' lang='lat' dir='ltr'><strong>fic</strong></span> <span class='ocrx_word' id='word_1_76' title='bbox 863 1373 1010 1406; x_wconf 88' lang='lat' dir='ltr'><strong>morte</strong></span> <span class='ocrx_word' id='word_1_77' title='bbox 1033 1358 1248 1406; x_wconf 83' lang='lat' dir='ltr'><strong>necabat.</strong></span> 
     </span>
    </p>

    <p class='ocr_par' dir='ltr' id='par_1_6' title="bbox 90 1447 1144 1496">
     <span class='ocr_line' id='line_1_13' title="bbox 90 1447 1144 1496; baseline 0.001 -2"><span class='ocrx_word' id='word_1_78' title='bbox 90 1447 158 1494; x_wconf 93' lang='lat' dir='ltr'><strong>At</strong></span> <span class='ocrx_word' id='word_1_79' title='bbox 185 1447 279 1495; x_wconf 80' lang='lat' dir='ltr'><strong>feffi</strong></span> <span class='ocrx_word' id='word_1_80' title='bbox 313 1448 503 1495; x_wconf 81' lang='lat' dir='ltr'><strong>tandem</strong></span> <span class='ocrx_word' id='word_1_81' title='bbox 535 1449 659 1495; x_wconf 85' lang='lat' dir='ltr'><strong>cives</strong></span> <span class='ocrx_word' id='word_1_82' title='bbox 690 1449 882 1495; x_wconf 80' lang='lat' dir='ltr'><strong>infanda</strong></span> <span class='ocrx_word' id='word_1_83' title='bbox 907 1451 1144 1496; x_wconf 84' lang='lat' dir='ltr'><strong>furentem</strong></span> 
     </span>
    </p>

    <p class='ocr_par' dir='ltr' id='par_1_7' title="bbox 91 1537 1400 1689">
     <span class='ocr_line' id='line_1_14' title="bbox 91 1537 1400 1602; baseline 0.002 -19"><span class='ocrx_word' id='word_1_84' title='bbox 91 1537 280 1584; x_wconf 84' lang='lat' dir='ltr'><strong>Armati</strong></span> <span class='ocrx_word' id='word_1_85' title='bbox 304 1537 649 1584; x_wconf 84' lang='lat' dir='ltr'><strong>circumsistunt</strong></span> <span class='ocrx_word' id='word_1_86' title='bbox 672 1538 924 1600; x_wconf 87' lang='lat' dir='ltr'><strong>ipsumque</strong></span> <span class='ocrx_word' id='word_1_87' title='bbox 942 1539 1267 1601; x_wconf 85' lang='lat' dir='ltr'><strong>domumque:</strong></span> <span class='ocrx_word' id='word_1_88' title='bbox 1304 1554 1400 1602; x_wconf 85' lang='lat'><strong>490</strong></span> 
     </span>
     <span class='ocr_line' id='line_1_15' title="bbox 92 1623 1274 1689; baseline -0.001 -14"><span class='ocrx_word' id='word_1_89' title='bbox 92 1627 395 1675; x_wconf 83' lang='lat' dir='ltr'><strong>Obtruncant</strong></span> <span class='ocrx_word' id='word_1_90' title='bbox 418 1623 582 1679; x_wconf 84' lang='lat' dir='ltr'><strong>socios,</strong></span> <span class='ocrx_word' id='word_1_91' title='bbox 617 1623 779 1686; x_wconf 83' lang='lat' dir='ltr'><strong>ignem</strong></span> <span class='ocrx_word' id='word_1_92' title='bbox 803 1623 860 1670; x_wconf 87' lang='lat' dir='ltr'><strong>ad</strong></span> <span class='ocrx_word' id='word_1_93' title='bbox 885 1623 1274 1689; x_wconf 60' lang='lat' dir='ltr'><strong>fastigiajaetant.</strong></span> 
     </span>
    </p>
   </div>
   <div class='ocr_carea' id='block_1_5' title="bbox 92 1745 1405 2202">
    <p class='ocr_par' dir='ltr' id='par_1_8' title="bbox 92 1745 1405 2202">
     <span class='ocr_line' id='line_1_16' title="bbox 136 1745 1402 1792; baseline -0.006 -7"><span class='ocrx_word' id='word_1_94' title='bbox 136 1749 213 1789; x_wconf 78' lang='grc'>478.</span> <span class='ocrx_word' id='word_1_95' title='bbox 237 1753 337 1783; x_wconf 79' lang='lat' dir='ltr'><strong>colitur</strong></span> <span class='ocrx_word' id='word_1_96' title='bbox 358 1751 479 1792; x_wconf 83' lang='lat' dir='ltr'><strong>aliquot</strong></span> <span class='ocrx_word' id='word_1_97' title='bbox 498 1751 624 1788; x_wconf 85' lang='lat' dir='ltr'><strong>Burm.,</strong></span> <span class='ocrx_word' id='word_1_98' title='bbox 649 1759 744 1791; x_wconf 88' lang='lat' dir='ltr'><strong>quem</strong></span> <span class='ocrx_word' id='word_1_99' title='bbox 761 1747 844 1781; x_wconf 88' lang='lat' dir='ltr'><strong>vide.</strong></span> <span class='ocrx_word' id='word_1_100' title='bbox 900 1750 928 1780; x_wconf 85' lang='grc' dir='ltr'><strong>ὶη</strong></span> <span class='ocrx_word' id='word_1_101' title='bbox 937 1748 1009 1792; x_wconf 75' lang='lat' dir='ltr'><strong>saxo</strong></span> <span class='ocrx_word' id='word_1_102' title='bbox 1027 1748 1109 1779; x_wconf 79' lang='lat' dir='ltr'><strong>coluit</strong></span> <span class='ocrx_word' id='word_1_103' title='bbox 1136 1745 1234 1779; x_wconf 83' lang='lat' dir='ltr'><strong>Goth.</strong></span> <span class='ocrx_word' id='word_1_104' title='bbox 1252 1747 1402 1778; x_wconf 78' lang='lat' dir='ltr'><strong>sec.—-·</strong></span> 
     </span>
     <span class='ocr_line' id='line_1_17' title="bbox 92 1798 1403 1845; baseline -0.006 -9"><span class='ocrx_word' id='word_1_105' title='bbox 92 1809 168 1841; x_wconf 82' lang='lat'>⁴79-</span> <span class='ocrx_word' id='word_1_106' title='bbox 204 1804 362 1845; x_wconf 72' lang='lat' dir='ltr'><strong>Agellinae,</strong></span> <span class='ocrx_word' id='word_1_107' title='bbox 396 1804 543 1845; x_wconf 77' lang='lat' dir='ltr'><strong>Agelinae.</strong></span> <span class='ocrx_word' id='word_1_108' title='bbox 575 1802 725 1845; x_wconf 67' lang='lat' dir='ltr'><strong>Aquillnae</strong></span> <span class='ocrx_word' id='word_1_109' title='bbox 751 1800 899 1831; x_wconf 82' lang='lat' dir='ltr'><strong>aberratt.</strong></span> <span class='ocrx_word' id='word_1_110' title='bbox 934 1811 984 1841; x_wconf 78' lang='lat' dir='ltr'><strong>ap.</strong></span> <span class='ocrx_word' id='word_1_111' title='bbox 1021 1798 1296 1835; x_wconf 78' lang='lat' dir='ltr'><strong>Burn1.-——-480.</strong></span> <span class='ocrx_word' id='word_1_112' title='bbox 1321 1800 1403 1829; x_wconf 69' lang='lat' dir='ltr'><strong>lufiit</strong></span> 
     </span>
     <span class='ocr_line' id='line_1_18' title="bbox 93 1849 1403 1895; baseline -0.002 -14"><span class='ocrx_word' id='word_1_113' title='bbox 93 1852 142 1895; x_wconf 71' lang='lat' dir='ltr'><strong>ius.</strong></span> <span class='ocrx_word' id='word_1_114' title='bbox 168 1853 263 1885; x_wconf 83' lang='lat' dir='ltr'><strong>Rom,</strong></span> <span class='ocrx_word' id='word_1_115' title='bbox 357 1853 430 1891; x_wconf 82' lang='lat'>481.</span> <span class='ocrx_word' id='word_1_116' title='bbox 455 1853 547 1883; x_wconf 75' lang='lat' dir='ltr'><strong>multis</strong></span> <span class='ocrx_word' id='word_1_117' title='bbox 571 1855 650 1882; x_wconf 80' lang='lat' dir='ltr'><strong>annis</strong></span> <span class='ocrx_word' id='word_1_118' title='bbox 679 1852 785 1893; x_wconf 76' lang='lat' dir='ltr'><strong>Bigot.</strong></span> <span class='ocrx_word' id='word_1_119' title='bbox 819 1858 849 1881; x_wconf 84' lang='lat' dir='ltr'><strong>et</strong></span> <span class='ocrx_word' id='word_1_120' title='bbox 876 1849 974 1880; x_wconf 86' lang='lat' dir='ltr'><strong>Goth.</strong></span> <span class='ocrx_word' id='word_1_121' title='bbox 1003 1857 1077 1880; x_wconf 84' lang='lat' dir='ltr'><strong>tert.</strong></span> <span class='ocrx_word' id='word_1_122' title='bbox 1169 1849 1242 1886; x_wconf 80' lang='lat'>484.</span> <span class='ocrx_word' id='word_1_123' title='bbox 1268 1852 1403 1891; x_wconf 74' lang='lat' dir='ltr'><strong>gentique</strong></span> 
     </span>
     <span class='ocr_line' id='line_1_19' title="bbox 95 1899 1405 1947; baseline -0.002 -15"><span class='ocrx_word' id='word_1_124' title='bbox 95 1903 230 1934; x_wconf 78' lang='lat' dir='ltr'><strong>Oudart.</strong></span> <span class='ocrx_word' id='word_1_125' title='bbox 259 1915 315 1945; x_wconf 84' lang='lat' dir='ltr'><strong>pro</strong></span> <span class='ocrx_word' id='word_1_126' title='bbox 332 1904 395 1934; x_wconf 88' lang='lat' dir='ltr'><strong>div.</strong></span> <span class='ocrx_word' id='word_1_127' title='bbox 421 1902 495 1933; x_wconf 54' lang='lat' dir='ltr'><strong>leet.</strong></span> <span class='ocrx_word' id='word_1_128' title='bbox 539 1902 685 1947; x_wconf 75' lang='lat' dir='ltr'><strong>reservant</strong></span> <span class='ocrx_word' id='word_1_129' title='bbox 710 1904 814 1944; x_wconf 88' lang='lat' dir='ltr'><strong>Sprot.</strong></span> <span class='ocrx_word' id='word_1_130' title='bbox 904 1900 978 1939; x_wconf 78' lang='lat'><strong>487.</strong></span> <span class='ocrx_word' id='word_1_131' title='bbox 1009 1901 1117 1942; x_wconf 72' lang='lat' dir='ltr'><strong>fluenti</strong></span> <span class='ocrx_word' id='word_1_132' title='bbox 1141 1900 1262 1941; x_wconf 81' lang='lat' dir='ltr'><strong>aliquot</strong></span> <span class='ocrx_word' id='word_1_133' title='bbox 1284 1899 1405 1934; x_wconf 78' lang='lat' dir='ltr'><strong>Heius..</strong></span> 
     </span>
     <span class='ocr_line' id='line_1_20' title="bbox 94 1949 1403 1999; baseline -0.002 -13"><span class='ocrx_word' id='word_1_134' title='bbox 94 1962 175 1986; x_wconf 73' lang='lat' dir='ltr'><strong>unus</strong></span> <span class='ocrx_word' id='word_1_135' title='bbox 199 1957 320 1999; x_wconf 82' lang='lat' dir='ltr'><strong>fluente,</strong></span> <span class='ocrx_word' id='word_1_136' title='bbox 346 1967 415 1997; x_wconf 86' lang='lat' dir='ltr'><strong>quae</strong></span> <span class='ocrx_word' id='word_1_137' title='bbox 440 1955 604 1997; x_wconf 83' lang='lat' dir='ltr'><strong>vulgarior</strong></span> <span class='ocrx_word' id='word_1_138' title='bbox 621 1955 723 1985; x_wconf 83' lang='lat' dir='ltr'><strong>oratio</strong></span> <span class='ocrx_word' id='word_1_139' title='bbox 736 1954 829 1984; x_wconf 82' lang='lat' dir='ltr'><strong>foret.</strong></span> <span class='ocrx_word' id='word_1_140' title='bbox 853 1949 892 1983; x_wconf 83' lang='lat' dir='ltr'><strong>cf.</strong></span> <span class='ocrx_word' id='word_1_141' title='bbox 906 1954 965 1991; x_wconf 86' lang='lat' dir='ltr'><strong>IX,</strong></span> <span class='ocrx_word' id='word_1_142' title='bbox 988 1961 1061 1991; x_wconf 82' lang='lat'><strong>472.</strong></span> <span class='ocrx_word' id='word_1_143' title='bbox 1149 1951 1223 1988; x_wconf 85' lang='lat'>488.</span> <span class='ocrx_word' id='word_1_144' title='bbox 1249 1954 1277 1983; x_wconf 86' lang='lat' dir='ltr'><strong>in</strong></span> <span class='ocrx_word' id='word_1_145' title='bbox 1294 1951 1403 1984; x_wconf 73' lang='lat' dir='ltr'><strong>aberat</strong></span> 
     </span>
     <span class='ocr_line' id='line_1_21' title="bbox 94 2001 1402 2044; baseline -0.004 -8"><span class='ocrx_word' id='word_1_146' title='bbox 94 2007 202 2038; x_wconf 83' lang='lat' dir='ltr'><strong>Franc.</strong></span> <span class='ocrx_word' id='word_1_147' title='bbox 236 2014 268 2037; x_wconf 87' lang='lat' dir='ltr'><strong>et</strong></span> <span class='ocrx_word' id='word_1_148' title='bbox 288 2007 390 2038; x_wconf 84' lang='lat' dir='ltr'><strong>Goth.</strong></span> <span class='ocrx_word' id='word_1_149' title='bbox 425 2013 498 2037; x_wconf 83' lang='lat' dir='ltr'><strong>tert.</strong></span> <span class='ocrx_word' id='word_1_150' title='bbox 544 2005 680 2036; x_wconf 78' lang='lat' dir='ltr'><strong>necabant</strong></span> <span class='ocrx_word' id='word_1_151' title='bbox 711 2005 774 2035; x_wconf 86' lang='lat' dir='ltr'><strong>duo</strong></span> <span class='ocrx_word' id='word_1_152' title='bbox 801 2005 928 2042; x_wconf 86' lang='lat' dir='ltr'><strong>Burm.,</strong></span> <span class='ocrx_word' id='word_1_153' title='bbox 952 2009 986 2034; x_wconf 89' lang='lat' dir='ltr'><strong>ut</strong></span> <span class='ocrx_word' id='word_1_154' title='bbox 1003 2001 1165 2044; x_wconf 80' lang='lat' dir='ltr'><strong>jungebant</strong></span> <span class='ocrx_word' id='word_1_155' title='bbox 1186 2001 1265 2032; x_wconf 81' lang='lat' dir='ltr'><strong>alter</strong></span> <span class='ocrx_word' id='word_1_156' title='bbox 1283 2001 1402 2032; x_wconf 82' lang='lat' dir='ltr'><strong>Hamb.</strong></span> 
     </span>
     <span class='ocr_line' id='line_1_22' title="bbox 93 2050 1403 2101; baseline -0.003 -12"><span class='ocrx_word' id='word_1_157' title='bbox 93 2056 255 2098; x_wconf 56' lang='lat'>1—489.</span> <span class='ocrx_word' id='word_1_158' title='bbox 282 2057 402 2101; x_wconf 72' lang='lat' dir='ltr'><strong>infanda</strong></span> <span class='ocrx_word' id='word_1_159' title='bbox 423 2055 551 2100; x_wconf 75' lang='lat' dir='ltr'><strong>civesque</strong></span> <span class='ocrx_word' id='word_1_160' title='bbox 566 2058 603 2099; x_wconf 87' lang='lat' dir='ltr'><strong>f.</strong></span> <span class='ocrx_word' id='word_1_161' title='bbox 629 2053 789 2094; x_wconf 61' lang='lat' dir='ltr'><strong>pambas,</strong></span> <span class='ocrx_word' id='word_1_162' title='bbox 817 2066 875 2086; x_wconf 86' lang='lat' dir='ltr'><strong>uec</strong></span> <span class='ocrx_word' id='word_1_163' title='bbox 892 2050 1020 2086; x_wconf 71' lang='lat' dir='ltr'><strong>videbat</strong></span> <span class='ocrx_word' id='word_1_164' title='bbox 1037 2053 1259 2094; x_wconf 80' lang='lat' dir='ltr'><strong>interpolator,</strong></span> <span class='ocrx_word' id='word_1_165' title='bbox 1282 2055 1403 2096; x_wconf 74' lang='lat' dir='ltr'><strong>infanda</strong></span> 
     </span>
     <span class='ocr_line' id='line_1_23' title="bbox 93 2100 1403 2150; baseline -0.003 -12"><span class='ocrx_word' id='word_1_166' title='bbox 93 2106 155 2139; x_wconf 81' lang='lat' dir='ltr'><strong>effe</strong></span> <span class='ocrx_word' id='word_1_167' title='bbox 172 2120 230 2150; x_wconf 87' lang='lat' dir='ltr'><strong>pro</strong></span> <span class='ocrx_word' id='word_1_168' title='bbox 246 2108 425 2144; x_wconf 72' lang='lat' dir='ltr'><strong>infandum,</strong></span> <span class='ocrx_word' id='word_1_169' title='bbox 449 2107 590 2138; x_wconf 81' lang='lat' dir='ltr'><strong>infande.</strong></span> <span class='ocrx_word' id='word_1_170' title='bbox 613 2106 652 2144; x_wconf 73' lang='lat' dir='ltr'><strong>ef.</strong></span> <span class='ocrx_word' id='word_1_171' title='bbox 672 2107 741 2148; x_wconf 88' lang='lat' dir='ltr'><strong>sup.</strong></span> <span class='ocrx_word' id='word_1_172' title='bbox 770 2108 796 2144; x_wconf 86' lang='lat'><strong>1,</strong></span> <span class='ocrx_word' id='word_1_173' title='bbox 824 2115 896 2147; x_wconf 79' lang='lat'>251.</span> <span class='ocrx_word' id='word_1_174' title='bbox 987 2114 1061 2146; x_wconf 87' lang='lat'>490.</span> <span class='ocrx_word' id='word_1_175' title='bbox 1083 2101 1277 2146; x_wconf 73' lang='lat' dir='ltr'><strong>circumsidunt</strong></span> <span class='ocrx_word' id='word_1_176' title='bbox 1301 2100 1403 2136; x_wconf 79' lang='lat' dir='ltr'><strong>Goth.</strong></span> 
     </span>
     <span class='ocr_line' id='line_1_24' title="bbox 93 2157 1038 2202; baseline -0.001 -13"><span class='ocrx_word' id='word_1_177' title='bbox 93 2166 169 2191; x_wconf 88' lang='lat' dir='ltr'><strong>tert.</strong></span> <span class='ocrx_word' id='word_1_178' title='bbox 258 2168 334 2201; x_wconf 83' lang='lat'>491.</span> <span class='ocrx_word' id='word_1_179' title='bbox 360 2168 446 2202; x_wconf 82' lang='lat' dir='ltr'><strong>atque</strong></span> <span class='ocrx_word' id='word_1_180' title='bbox 461 2160 548 2200; x_wconf 80' lang='lat' dir='ltr'><strong>ignem</strong></span> <span class='ocrx_word' id='word_1_181' title='bbox 561 2157 605 2188; x_wconf 72' lang='lat' dir='ltr'><strong>ad</strong></span> <span class='ocrx_word' id='word_1_182' title='bbox 626 2157 771 2189; x_wconf 72' lang='lat' dir='ltr'><strong>Parthas.</strong></span> <span class='ocrx_word' id='word_1_183' title='bbox 1034 2177 1038 2181; x_wconf 94' lang='lat'>-</span> 
     </span>
    </p>
   </div>
   <div class='ocr_carea' id='block_1_6' title="bbox 269 1871 355 1878">
    <p class='ocr_par' dir='ltr' id='par_1_9' title="bbox 269 1871 355 1878">
     <span class='ocr_line' id='line_1_25' title="bbox 269 1871 355 1878; baseline 0 0"><span class='ocrx_word' id='word_1_184' title='bbox 269 1871 355 1878; x_wconf 95' lang='lat' dir='ltr'><strong> </strong></span> 
     </span>
    </p>
   </div>
   <div class='ocr_carea' id='block_1_7' title="bbox 1085 1870 1162 1874">
    <p class='ocr_par' dir='ltr' id='par_1_10' title="bbox 1085 1870 1162 1874">
     <span class='ocr_line' id='line_1_26' title="bbox 1085 1870 1162 1874; baseline 0 0"><span class='ocrx_word' id='word_1_185' title='bbox 1085 1870 1162 1874; x_wconf 95' lang='lat' dir='ltr'><strong> </strong></span> 
     </span>
    </p>
   </div>
   <div class='ocr_carea' id='block_1_8' title="bbox 819 1919 900 1924">
    <p class='ocr_par' dir='ltr' id='par_1_11' title="bbox 819 1919 900 1924">
     <span class='ocr_line' id='line_1_27' title="bbox 819 1919 900 1924; baseline 0 0"><span class='ocrx_word' id='word_1_186' title='bbox 819 1919 900 1924; x_wconf 95' lang='lat' dir='ltr'><strong> </strong></span> 
     </span>
    </p>
   </div>
   <div class='ocr_carea' id='block_1_9' title="bbox 1064 1969 1146 1975">
    <p class='ocr_par' dir='ltr' id='par_1_12' title="bbox 1064 1969 1146 1975">
     <span class='ocr_line' id='line_1_28' title="bbox 1064 1969 1146 1975; baseline 0 0"><span class='ocrx_word' id='word_1_187' title='bbox 1064 1969 1146 1975; x_wconf 95' lang='lat' dir='ltr'><strong> </strong></span> 
     </span>
    </p>
   </div>
   <div class='ocr_carea' id='block_1_10' title="bbox 900 2123 985 2130">
    <p class='ocr_par' dir='ltr' id='par_1_13' title="bbox 900 2123 985 2130">
     <span class='ocr_line' id='line_1_29' title="bbox 900 2123 985 2130; baseline 0 1183"><span class='ocrx_word' id='word_1_188' title='bbox 900 2123 985 2130; x_wconf 95' lang='lat' dir='ltr'><strong> </strong></span> 
     </span>
    </p>
   </div>
   <div class='ocr_carea' id='block_1_11' title="bbox 173 2176 257 2183">
    <p class='ocr_par' dir='ltr' id='par_1_14' title="bbox 173 2176 257 2183">
     <span class='ocr_line' id='line_1_30' title="bbox 173 2176 257 2183; baseline 0 0"><span class='ocrx_word' id='word_1_189' title='bbox 173 2176 257 2183; x_wconf 95' lang='lat' dir='ltr'><strong> </strong></span> 
     </span>
    </p>
   </div>
   <div class='ocr_carea' id='block_1_12' title="bbox 91 2247 1408 3010">
    <p class='ocr_par' dir='ltr' id='par_1_15' title="bbox 91 2247 1408 3010">
     <span class='ocr_line' id='line_1_31' title="bbox 91 2247 1404 2304; baseline -0.001 -17"><span class='ocrx_word' id='word_1_190' title='bbox 91 2249 259 2287; x_wconf 82' lang='lat' dir='ltr'><strong>suborta:</strong></span> <span class='ocrx_word' id='word_1_191' title='bbox 288 2253 395 2301; x_wconf 68' lang='lat' dir='ltr'><em>cqstra</em></span> <span class='ocrx_word' id='word_1_192' title='bbox 412 2251 564 2300; x_wconf 77' lang='lat' dir='ltr'><strong>opulenta</strong></span> <span class='ocrx_word' id='word_1_193' title='bbox 593 2257 716 2304; x_wconf 81' lang='lat' dir='ltr'><strong>regnis,</strong></span> <span class='ocrx_word' id='word_1_194' title='bbox 783 2264 857 2303; x_wconf 88' lang='lat' dir='ltr'><strong>quo</strong></span> <span class='ocrx_word' id='word_1_195' title='bbox 880 2263 1000 2302; x_wconf 87' lang='lat' dir='ltr'><strong>opere,</strong></span> <span class='ocrx_word' id='word_1_196' title='bbox 1035 2259 1075 2287; x_wconf 90' lang='lat' dir='ltr'><strong>ut</strong></span> <span class='ocrx_word' id='word_1_197' title='bbox 1103 2248 1193 2286; x_wconf 83' lang='lat' dir='ltr'><strong>bene</strong></span> <span class='ocrx_word' id='word_1_198' title='bbox 1221 2247 1319 2286; x_wconf 82' lang='lat' dir='ltr'><strong>Serv.</strong></span> <span class='ocrx_word' id='word_1_199' title='bbox 1353 2248 1404 2286; x_wconf 56' lang='lat' dir='ltr'><strong>cf»</strong></span> 
     </span>
     <span class='ocr_line' id='line_1_32' title="bbox 93 2300 1406 2353; baseline -0.002 -15"><span class='ocrx_word' id='word_1_200' title='bbox 93 2312 135 2339; x_wconf 87' lang='lat' dir='ltr'><strong>ut</strong></span> <span class='ocrx_word' id='word_1_201' title='bbox 153 2302 221 2339; x_wconf 81' lang='lat' dir='ltr'><strong>alia</strong></span> <span class='ocrx_word' id='word_1_202' title='bbox 236 2302 362 2339; x_wconf 83' lang='lat' dir='ltr'><strong>fimilia</strong></span> <span class='ocrx_word' id='word_1_203' title='bbox 374 2304 507 2353; x_wconf 81' lang='lat' dir='ltr'><strong>paffirn.</strong></span> <span class='ocrx_word' id='word_1_204' title='bbox 554 2303 633 2340; x_wconf 87' lang='lat' dir='ltr'><strong>Nifi</strong></span> <span class='ocrx_word' id='word_1_205' title='bbox 648 2303 716 2340; x_wconf 91' lang='lat' dir='ltr'><strong>hoc</strong></span> <span class='ocrx_word' id='word_1_206' title='bbox 782 2304 856 2347; x_wconf 85' lang='grc' dir='ltr'>ΙΙΙ,</span> <span class='ocrx_word' id='word_1_207' title='bbox 877 2306 938 2353; x_wconf 82' lang='lat'><strong>84.</strong></span> <span class='ocrx_word' id='word_1_208' title='bbox 992 2316 1081 2353; x_wconf 81' lang='lat'><strong>479.</strong></span> <span class='ocrx_word' id='word_1_209' title='bbox 1099 2303 1188 2350; x_wconf 85' lang='lat'><em>480.</em></span> <span class='ocrx_word' id='word_1_210' title='bbox 1217 2300 1406 2350; x_wconf 41' lang='lat' dir='ltr'><strong>ubiprmv</strong></span> 
     </span>
     <span class='ocr_line' id='line_1_33' title="bbox 94 2351 1403 2404; baseline -0.001 -15"><span class='ocrx_word' id='word_1_211' title='bbox 94 2365 141 2390; x_wconf 85' lang='lat' dir='ltr'><strong>ex</strong></span> <span class='ocrx_word' id='word_1_212' title='bbox 158 2352 219 2390; x_wconf 91' lang='lat' dir='ltr'><strong>usu</strong></span> <span class='ocrx_word' id='word_1_213' title='bbox 236 2359 422 2403; x_wconf 70' lang='lat' dir='ltr'><strong>poetarum</strong></span> <span class='ocrx_word' id='word_1_214' title='bbox 440 2365 654 2398; x_wconf 78' lang='lat' dir='ltr'><strong>teneremuS,</strong></span> <span class='ocrx_word' id='word_1_215' title='bbox 672 2353 718 2390; x_wconf 86' lang='lat' dir='ltr'><strong>li·</strong></span> <span class='ocrx_word' id='word_1_216' title='bbox 784 2355 855 2393; x_wconf 89' lang='lat' dir='ltr'><strong>ime</strong></span> <span class='ocrx_word' id='word_1_217' title='bbox 871 2356 913 2391; x_wconf 87' lang='lat' dir='ltr'><strong>ad</strong></span> <span class='ocrx_word' id='word_1_218' title='bbox 929 2353 1100 2404; x_wconf 81' lang='lat' dir='ltr'><strong>Agyllam</strong></span> <span class='ocrx_word' id='word_1_219' title='bbox 1117 2353 1173 2403; x_wconf 74' lang='lat' dir='ltr'><strong>seu</strong></span> <span class='ocrx_word' id='word_1_220' title='bbox 1190 2352 1291 2388; x_wconf 81' lang='lat' dir='ltr'><strong>Caere</strong></span> <span class='ocrx_word' id='word_1_221' title='bbox 1305 2351 1403 2401; x_wconf 80' lang='lat' dir='ltr'><strong>spec-</strong></span> 
     </span>
     <span class='ocr_line' id='line_1_34' title="bbox 94 2402 1404 2458; baseline -0.002 -18"><span class='ocrx_word' id='word_1_222' title='bbox 94 2414 190 2441; x_wconf 84' lang='lat' dir='ltr'><strong>ceret</strong></span> <span class='ocrx_word' id='word_1_223' title='bbox 233 2406 404 2443; x_wconf 86' lang='lat' dir='ltr'><strong>statuere:</strong></span> <span class='ocrx_word' id='word_1_224' title='bbox 453 2417 539 2456; x_wconf 85' lang='lat' dir='ltr'><strong>paro</strong></span> <span class='ocrx_word' id='word_1_225' title='bbox 572 2408 719 2458; x_wconf 83' lang='lat' dir='ltr'><strong>jungere</strong></span> <span class='ocrx_word' id='word_1_226' title='bbox 783 2416 850 2449; x_wconf 84' lang='lat' dir='ltr'><strong>tat,</strong></span> <span class='ocrx_word' id='word_1_227' title='bbox 885 2419 949 2442; x_wconf 84' lang='lat' dir='ltr'><strong>nec</strong></span> <span class='ocrx_word' id='word_1_228' title='bbox 967 2416 1085 2443; x_wconf 86' lang='lat' dir='ltr'><strong>tamen</strong></span> <span class='ocrx_word' id='word_1_229' title='bbox 1100 2402 1276 2454; x_wconf 84' lang='lat' dir='ltr'><strong>reliquam</strong></span> <span class='ocrx_word' id='word_1_230' title='bbox 1296 2402 1404 2439; x_wconf 67' lang='lat' dir='ltr'><strong>Etru-</strong></span> 
     </span>
     <span class='ocr_line' id='line_1_35' title="bbox 93 2453 1405 2508; baseline -0.003 -15"><span class='ocrx_word' id='word_1_231' title='bbox 93 2459 203 2506; x_wconf 86' lang='lat' dir='ltr'><strong>castra</strong></span> <span class='ocrx_word' id='word_1_232' title='bbox 231 2459 357 2508; x_wconf 76' lang='lat' dir='ltr'><strong>regnis,</strong></span> <span class='ocrx_word' id='word_1_233' title='bbox 384 2457 420 2496; x_wconf 74' lang='lat' dir='ltr'><strong>h.</strong></span> <span class='ocrx_word' id='word_1_234' title='bbox 441 2470 472 2494; x_wconf 88' lang='lat' dir='ltr'><strong>e.</strong></span> <span class='ocrx_word' id='word_1_235' title='bbox 501 2457 584 2495; x_wconf 83' lang='lat' dir='ltr'><strong>tibi.</strong></span> <span class='ocrx_word' id='word_1_236' title='bbox 606 2457 718 2506; x_wconf 80' lang='lat' dir='ltr'><strong>impe·</strong></span> <span class='ocrx_word' id='word_1_237' title='bbox 784 2459 874 2495; x_wconf 85' lang='lat' dir='ltr'><strong>riam</strong></span> <span class='ocrx_word' id='word_1_238' title='bbox 890 2457 1066 2495; x_wconf 83' lang='lat' dir='ltr'><strong>excludit.</strong></span> <span class='ocrx_word' id='word_1_239' title='bbox 1096 2453 1405 2505; x_wconf 80' lang='lat' dir='ltr'><strong>ALydisEtrusci</strong></span> 
     </span>
     <span class='ocr_line' id='line_1_36' title="bbox 94 2506 1405 2558; baseline -0.003 -14"><span class='ocrx_word' id='word_1_240' title='bbox 94 2507 152 2544; x_wconf 85' lang='lat' dir='ltr'><strong>rio</strong></span> <span class='ocrx_word' id='word_1_241' title='bbox 168 2517 243 2544; x_wconf 84' lang='lat' dir='ltr'><strong>tuo.</strong></span> <span class='ocrx_word' id='word_1_242' title='bbox 301 2508 397 2558; x_wconf 83' lang='lat' dir='ltr'><strong>Opes</strong></span> <span class='ocrx_word' id='word_1_243' title='bbox 413 2518 570 2546; x_wconf 86' lang='lat' dir='ltr'><strong>veterum</strong></span> <span class='ocrx_word' id='word_1_244' title='bbox 592 2506 718 2544; x_wconf 85' lang='lat' dir='ltr'><strong>Etrus-</strong></span> <span class='ocrx_word' id='word_1_245' title='bbox 784 2510 841 2547; x_wconf 84' lang='lat' dir='ltr'><strong>seu</strong></span> <span class='ocrx_word' id='word_1_246' title='bbox 861 2509 1045 2556; x_wconf 82' lang='lat' dir='ltr'><strong>Tyrrheni</strong></span> <span class='ocrx_word' id='word_1_247' title='bbox 1067 2507 1249 2544; x_wconf 89' lang='lat' dir='ltr'><strong>ducuntur</strong></span> <span class='ocrx_word' id='word_1_248' title='bbox 1274 2508 1405 2555; x_wconf 83' lang='lat' dir='ltr'><strong>po&#39;e&#39;tae‚</strong></span> 
     </span>
     <span class='ocr_line' id='line_1_37' title="bbox 94 2556 1406 2610; baseline -0.003 -16"><span class='ocrx_word' id='word_1_249' title='bbox 94 2570 223 2596; x_wconf 85' lang='lat' dir='ltr'><strong>corum</strong></span> <span class='ocrx_word' id='word_1_250' title='bbox 253 2557 336 2596; x_wconf 78' lang='lat' dir='ltr'><strong>satis</strong></span> <span class='ocrx_word' id='word_1_251' title='bbox 354 2571 460 2598; x_wconf 83' lang='lat' dir='ltr'><strong>notae.</strong></span> <span class='ocrx_word' id='word_1_252' title='bbox 488 2573 524 2598; x_wconf 87' lang='lat' dir='ltr'><strong>v.</strong></span> <span class='ocrx_word' id='word_1_253' title='bbox 557 2559 642 2596; x_wconf 90' lang='lat' dir='ltr'><strong>Liv.</strong></span> <span class='ocrx_word' id='word_1_254' title='bbox 664 2558 716 2603; x_wconf 94' lang='lat' dir='ltr'><strong>V,</strong></span> <span class='ocrx_word' id='word_1_255' title='bbox 783 2575 826 2598; x_wconf 82' lang='lat' dir='ltr'><strong>ex</strong></span> <span class='ocrx_word' id='word_1_256' title='bbox 845 2560 984 2610; x_wconf 83' lang='lat' dir='ltr'><strong>vulgari</strong></span> <span class='ocrx_word' id='word_1_257' title='bbox 1013 2570 1172 2596; x_wconf 86' lang='lat' dir='ltr'><strong>veterum</strong></span> <span class='ocrx_word' id='word_1_258' title='bbox 1201 2556 1406 2606; x_wconf 84' lang='lat' dir='ltr'><strong>opinione;</strong></span> 
     </span>
     <span class='ocr_line' id='line_1_38' title="bbox 98 2607 1403 2657; baseline -0.011 0"><span class='ocrx_word' id='word_1_259' title='bbox 98 2621 161 2657; x_wconf 81' lang='lat'><strong>33·</strong></span> <span class='ocrx_word' id='word_1_260' title='bbox 784 2612 870 2649; x_wconf 77' lang='lat' dir='ltr'><strong>falsa</strong></span> <span class='ocrx_word' id='word_1_261' title='bbox 888 2622 1005 2648; x_wconf 82' lang='lat' dir='ltr'><strong>tamen</strong></span> <span class='ocrx_word' id='word_1_262' title='bbox 1022 2621 1056 2647; x_wconf 88' lang='lat' dir='ltr'><strong>et</strong></span> <span class='ocrx_word' id='word_1_263' title='bbox 1071 2623 1115 2647; x_wconf 82' lang='lat' dir='ltr'><strong>ex</strong></span> <span class='ocrx_word' id='word_1_264' title='bbox 1135 2607 1292 2645; x_wconf 84' lang='lat' dir='ltr'><strong>nominis</strong></span> <span class='ocrx_word' id='word_1_265' title='bbox 1309 2607 1403 2644; x_wconf 78' lang='lat' dir='ltr'><strong>fimi-</strong></span> 
     </span>
     <span class='ocr_line' id='line_1_39' title="bbox 149 2657 1406 2717; baseline -0.004 -19"><span class='ocrx_word' id='word_1_266' title='bbox 149 2663 238 2717; x_wconf 60' lang='lat'><strong>478.</strong></span> <span class='ocrx_word' id='word_1_267' title='bbox 268 2661 403 2711; x_wconf 85' lang='lat' dir='ltr'><strong>Agylla</strong></span> <span class='ocrx_word' id='word_1_268' title='bbox 421 2662 447 2700; x_wconf 87' lang='lat' dir='ltr'><strong>s.</strong></span> <span class='ocrx_word' id='word_1_269' title='bbox 466 2662 585 2706; x_wconf 82' lang='lat' dir='ltr'><strong>Caere,</strong></span> <span class='ocrx_word' id='word_1_270' title='bbox 600 2661 718 2714; x_wconf 87' lang='lat' dir='ltr'><strong>prima</strong></span> <span class='ocrx_word' id='word_1_271' title='bbox 784 2662 939 2701; x_wconf 86' lang='lat' dir='ltr'><strong>litudine</strong></span> <span class='ocrx_word' id='word_1_272' title='bbox 956 2662 1074 2700; x_wconf 61' lang='lat' dir='ltr'><strong>dunila.</strong></span> <span class='ocrx_word' id='word_1_273' title='bbox 1103 2660 1150 2698; x_wconf 88' lang='lat' dir='ltr'><strong>cf.</strong></span> <span class='ocrx_word' id='word_1_274' title='bbox 1179 2660 1215 2696; x_wconf 91' lang='lat' dir='ltr'><strong>in</strong></span> <span class='ocrx_word' id='word_1_275' title='bbox 1237 2659 1329 2695; x_wconf 82' lang='lat' dir='ltr'>Exc.</span> <span class='ocrx_word' id='word_1_276' title='bbox 1347 2657 1406 2694; x_wconf 93' lang='lat' dir='ltr'><strong>III</strong></span> 
     </span>
     <span class='ocr_line' id='line_1_40' title="bbox 96 2709 1406 2762; baseline -0.001 -16"><span class='ocrx_word' id='word_1_277' title='bbox 96 2711 228 2760; x_wconf 78' lang='lat' dir='ltr'><strong>opibus</strong></span> <span class='ocrx_word' id='word_1_278' title='bbox 262 2711 355 2749; x_wconf 76' lang='lat' dir='ltr'><strong>inter</strong></span> <span class='ocrx_word' id='word_1_279' title='bbox 385 2713 551 2751; x_wconf 81' lang='lat' dir='ltr'><strong>Etruscos</strong></span> <span class='ocrx_word' id='word_1_280' title='bbox 577 2712 718 2757; x_wconf 70' lang='lat' dir='ltr'><strong>florust,</strong></span> <span class='ocrx_word' id='word_1_281' title='bbox 785 2715 831 2752; x_wconf 84' lang='lat' dir='ltr'><strong>ad</strong></span> <span class='ocrx_word' id='word_1_282' title='bbox 865 2715 900 2751; x_wconf 88' lang='lat' dir='ltr'><strong>h.</strong></span> <span class='ocrx_word' id='word_1_283' title='bbox 936 2713 1023 2751; x_wconf 84' lang='lat' dir='ltr'><strong>libr.</strong></span> <span class='ocrx_word' id='word_1_284' title='bbox 1089 2715 1178 2762; x_wconf 87' lang='lat'><strong>482.</strong></span> <span class='ocrx_word' id='word_1_285' title='bbox 1214 2709 1406 2755; x_wconf 77' lang='lat' dir='ltr'><strong>Mezentii,</strong></span> 
     </span>
     <span class='ocr_line' id='line_1_41' title="bbox 96 2760 1406 2819; baseline 0 -22"><span class='ocrx_word' id='word_1_286' title='bbox 96 2772 132 2798; x_wconf 81' lang='lat' dir='ltr'><strong>et</strong></span> <span class='ocrx_word' id='word_1_287' title='bbox 149 2772 293 2819; x_wconf 68' lang='lat' dir='ltr'><strong>propter</strong></span> <span class='ocrx_word' id='word_1_288' title='bbox 304 2765 483 2802; x_wconf 84' lang='lat' dir='ltr'><strong>maritima</strong></span> <span class='ocrx_word' id='word_1_289' title='bbox 501 2766 719 2803; x_wconf 86' lang='lat' dir='ltr'><strong>commercia</strong></span> <span class='ocrx_word' id='word_1_290' title='bbox 786 2766 879 2816; x_wconf 85' lang='lat' dir='ltr'><strong>regis</strong></span> <span class='ocrx_word' id='word_1_291' title='bbox 919 2765 1205 2806; x_wconf 78' lang='lat' dir='ltr'><strong>Caeretanorum,</strong></span> <span class='ocrx_word' id='word_1_292' title='bbox 1245 2760 1406 2811; x_wconf 79' lang='lat' dir='ltr'><strong>superbo,</strong></span> 
     </span>
     <span class='ocr_line' id='line_1_42' title="bbox 95 2812 1406 2866; baseline -0.001 -17"><span class='ocrx_word' id='word_1_293' title='bbox 95 2825 263 2850; x_wconf 80' lang='lat' dir='ltr'><strong>omnium</strong></span> <span class='ocrx_word' id='word_1_294' title='bbox 290 2815 403 2864; x_wconf 85' lang='lat' dir='ltr'><strong>prima</strong></span> <span class='ocrx_word' id='word_1_295' title='bbox 440 2816 581 2854; x_wconf 87' lang='lat' dir='ltr'><strong>Graecis</strong></span> <span class='ocrx_word' id='word_1_296' title='bbox 613 2817 718 2854; x_wconf 88' lang='lat' dir='ltr'><strong>inno·</strong></span> <span class='ocrx_word' id='word_1_297' title='bbox 784 2817 937 2860; x_wconf 90' lang='lat' dir='ltr'><strong>crudeli,</strong></span> <span class='ocrx_word' id='word_1_298' title='bbox 981 2815 1134 2866; x_wconf 87' lang='lat' dir='ltr'><strong>imperio</strong></span> <span class='ocrx_word' id='word_1_299' title='bbox 1170 2812 1306 2850; x_wconf 86' lang='lat' dir='ltr'><strong>infame</strong></span> <span class='ocrx_word' id='word_1_300' title='bbox 1340 2825 1406 2848; x_wconf 91' lang='lat' dir='ltr'><strong>no-</strong></span> 
     </span>
     <span class='ocr_line' id='line_1_43' title="bbox 97 2863 1407 2917; baseline 0 -17"><span class='ocrx_word' id='word_1_301' title='bbox 97 2864 181 2901; x_wconf 87' lang='lat' dir='ltr'><strong>tuit.</strong></span> <span class='ocrx_word' id='word_1_302' title='bbox 238 2864 294 2901; x_wconf 88' lang='lat' dir='ltr'><strong>De</strong></span> <span class='ocrx_word' id='word_1_303' title='bbox 325 2866 460 2905; x_wconf 83' lang='lat' dir='ltr'><strong>caeteris</strong></span> <span class='ocrx_word' id='word_1_304' title='bbox 479 2882 512 2905; x_wconf 78' lang='lat' dir='ltr'><strong>v,</strong></span> <span class='ocrx_word' id='word_1_305' title='bbox 540 2867 631 2906; x_wconf 85' lang='lat' dir='ltr'>Exc.</span> <span class='ocrx_word' id='word_1_306' title='bbox 662 2863 723 2905; x_wconf 84' lang='lat' dir='ltr'><strong>III</strong></span> <span class='ocrx_word' id='word_1_307' title='bbox 784 2882 880 2911; x_wconf 91' lang='lat' dir='ltr'><strong>men,</strong></span> <span class='ocrx_word' id='word_1_308' title='bbox 896 2880 940 2913; x_wconf 81' lang='lat' dir='ltr'><strong>ex</strong></span> <span class='ocrx_word' id='word_1_309' title='bbox 956 2866 1114 2917; x_wconf 78' lang='lat' dir='ltr'><strong>antiquis</strong></span> <span class='ocrx_word' id='word_1_310' title='bbox 1127 2864 1284 2902; x_wconf 80' lang='lat' dir='ltr'><strong>historiis</strong></span> <span class='ocrx_word' id='word_1_311' title='bbox 1301 2867 1407 2914; x_wconf 81' lang='lat' dir='ltr'><strong>po&#39;e&#39;ta</strong></span> 
     </span>
     <span class='ocr_line' id='line_1_44' title="bbox 94 2913 1407 3007; baseline -0.004 -50"><span class='ocrx_word' id='word_1_312' title='bbox 94 2914 142 2957; x_wconf 52' lang='lat' dir='ltr'><strong>&amp;d</strong></span> <span class='ocrx_word' id='word_1_313' title='bbox 151 2915 199 3005; x_wconf 41' lang='grc' dir='ltr'><strong>ἐξ.</strong></span> <span class='ocrx_word' id='word_1_314' title='bbox 214 2915 412 3007; x_wconf 61' lang='lat' dir='ltr'><strong>lib.111sax9</strong></span> <span class='ocrx_word' id='word_1_315' title='bbox 430 2920 578 2970; x_wconf 61' lang='lat' dir='ltr'><strong>vettgllm</strong></span> <span class='ocrx_word' id='word_1_316' title='bbox 622 2917 719 2957; x_wconf 79' lang='lat' dir='ltr'><strong>anti·-</strong></span> <span class='ocrx_word' id='word_1_317' title='bbox 783 2918 950 2959; x_wconf 73' lang='lat' dir='ltr'><strong>adscivit.</strong></span> <span class='ocrx_word' id='word_1_318' title='bbox 1003 2922 1094 2969; x_wconf 83' lang='lat'>484.</span> <span class='ocrx_word' id='word_1_319' title='bbox 1133 2917 1179 2955; x_wconf 79' lang='lat' dir='ltr'><strong>dl</strong></span> <span class='ocrx_word' id='word_1_320' title='bbox 1204 2921 1317 2966; x_wconf 80' lang='lat' dir='ltr'><strong>capiti.</strong></span> <span class='ocrx_word' id='word_1_321' title='bbox 1352 2913 1407 3003; x_wconf 49' lang='lat' dir='ltr'><strong>{If-</strong></span> 
     </span>
     <span class='ocr_line' id='line_1_45' title="bbox 192 2970 1408 3010; baseline 0.004 -6"><span class='ocrx_word' id='word_1_322' title='bbox 192 2979 265 3006; x_wconf 87' lang='lat' dir='ltr'><strong>OM.</strong></span> <span class='ocrx_word' id='word_1_323' title='bbox 346 2997 356 3010; x_wconf 71' lang='lat' dir='ltr'><strong>n</strong></span> <span class='ocrx_word' id='word_1_324' title='bbox 835 2970 864 3008; x_wconf 74' lang='lat' dir='ltr'>P</span> <span class='ocrx_word' id='word_1_325' title='bbox 1394 2993 1408 3009; x_wconf 74' lang='lat'><em>2</em></span> 
     </span>
    </p>
   </div>
  </div>
 </body>
</html>
